3167 5009
536 591 781 653 Consti-ueta
797 623 825 653 a

535 661 681 711 bridge
698 664 746 702 ot

535 713 666 752 boatu.

540 1013 785 1051 penetratas

533 1063 625 1102 into
643 1061 722 1110 Ely
740 1062 795 1109 by

534 1123 561 1152 a
578 1112 684 1158 ford,

530 1413 671 1454 which
688 1411 726 1450 is

534 1465 682 1504 shown
699 1461 792 1501 him

528 1512 781 1612 aar*

528 1811 637 1858 who,
655 1809 718 1849 fot
734 1807 805 1848 hi·

530 1861 725 1907 services,
740 1869 828 1898 wa·

532 1910 776 1950 afterward-

532 1961 658 2000 made
676 1960 811 1999 Λυδοί

527 2011 576 2049 of
590 2011 793 2060 numm.

527 2701 620 2741 The
638 2701 757 2750 King

526 2751 794 2840 iamt?

526 2855 682 2890 storm-
699 2860 727 2890 a

524 2902 714 2942 sorti-eu.

521 3196 613 3235 'she
631 3196 789 3246 mohop

522 3246 628 3285 with
645 3246 753 3285 diffl-

520 3296 636 3345 eulty
653 3306 822 3346 cmpos

517 3349 563 3384 to
582 3346 780 3386 Glauce·-

521 3398 603 3436 ter.

520 3986 723 4035 william,

521 4036 620 4076 Earl
638 4037 685 4075 of

516 4085 735 4133 eornwan,

516 4137 674 4177 revolt·
685 4148 695 4182 ς

862 411 952 482 64
1474 431 1720 480 cns‘rA
1773 429 2155 488 s‘rnrnAm,

863 585 1127 667 stratis,
1175 607 1393 672 usque
1439 589 1528 652 ad
1581 587 1831 652 insulae
1884 587 2074 670 ripas
2123 587 2475 668 dirigeret.
2584 585 2768 662 Rex,

864 709 1001 753 non
1082 689 1438 754 minimum
1504 689 1814 770 gavisus,
1881 705 2059 769 opus
2133 692 2562 750 maturanter
2620 687 2770 749 fieri

865 788 1217 871 praecepit,
1244 789 1661 870 tandemque
1687 785 1818 852 hoc
1845 783 2050 850 modo
2077 794 2290 868 ponte
2319 804 2529 869 super
2557 804 2772 850 naves

862 886 1223 971 ingeniose
1276 895 1704 963 constructo,
1732 905 1952 968 usque
1995 885 2084 949 ad
2119 885 2484 950 ulteriores
2525 885 2769 949 insulae

865 989 1053 1071 ripas
1098 989 1250 1071 ipse
1282 1006 1437 1050 cum
1480 986 1628 1050 suis
1661 985 2068 1051 festinanter
2101 985 2401 1049 devenit.
2505 984 2767 1048 Trans·

861 1087 980 1150 itis
1032 1094 1262 1150 autem
1311 1087 1438 1151 tali
1486 1084 1782 1150 artificio
1833 1084 2059 1167 aquis,
2115 1086 2476 1148 restabant
2525 1087 2597 1148 et
2650 1083 2768 1148 ad-

864 1185 1000 1250 huc
1053 1187 1316 1251 limosae
1369 1185 1688 1268 quaedam
1739 1183 2052 1266 paludes,
2104 1183 2177 1246 in
2229 1183 2478 1265 quibus
2510 1183 2764 1247 vadum

861 1285 1230 1351 fundosum
1272 1285 1361 1349 ad
1399 1283 1963 1349 transmeandum
2003 1281 2233 1346 habile
2277 1283 2427 1364 regi
2469 1282 2766 1347 latenter

860 1383 995 1448 fuit
1027 1387 1403 1449 ostensum.
1507 1380 1728 1446 Aiunt
1758 1380 2170 1446 monachum
2215 1382 2560 1464 quendam
2611 1403 2766 1465 pro-

862 1483 1108 1548 vinciae
1163 1483 1277 1548 Eli
1335 1501 1778 1565 pergnarum,
1846 1489 1919 1546 et
1983 1499 2184 1563 aquae
2253 1481 2762 1545 transmeandae

859 1583 1434 1665 praescriptorem,
1468 1589 1541 1646 et
1574 1578 1739 1645 vadi
1787 1579 1861 1642 in
1918 1579 2288 1662 paludibus
2329 1581 2764 1646 monstrandi

858 1681 1102 1745 ducem
1135 1681 1373 1759 fuisse,
1418 1687 1490 1745 et
1532 1689 1984 1757 ostensorem,
2023 1698 2226 1761 quem
2279 1685 2350 1744 et
2383 1686 2629 1762 postea
2671 1682 2760 1743 ob

856 1779 1067 1864 hujus
1128 1780 1396 1844 servitii
1445 1781 1745 1862 gratiam
1797 1799 1934 1843 non
1992 1777 2212 1854 Petri,
2268 1779 2390 1843 sed
2457 1779 2757 1842 Simonis

856 1878 1091 1962 potius
1130 1880 1327 1944 clave
1370 1879 1439 1942 in
1486 1879 1847 1944 ecclesiam
1884 1878 2374 1956 introductum,
2411 1879 2759 1942 abbatem-

855 1998 992 2061 que
1069 1979 1496 2044 Rumensem
1560 1984 1888 2042 vocatum
1956 1977 2280 2053 vidimuS,
2360 1976 2755 2061 multosque

855 2085 1100 2159 postea
1130 2080 1219 2142 ob
1250 2078 1580 2161 injustam
1626 2075 1935 2140 ecclesiae
1979 2075 2441 2140 inductionem
2484 2077 2758 2141 labores

854 2183 926 2241 et
980 2175 1409 2253 afflictiones,
1457 2176 1614 2239 Deo
1658 2174 1855 2259 juste
1905 2176 1992 2239 de
2041 2175 2331 2240 occultis
2371 2175 2758 2260 judicante,

852 2275 1221 2357 pertulisse
1274 2275 1750 2358 cognovimus,
1886 2274 2022 2338 Sed
2066 2274 2152 2338 de
2195 2274 2304 2338 his
2346 2275 2418 2338 in
2463 2293 2757 2359 sequen-

854 2374 1064 2439 tibus.
1170 2374 1327 2439 Rex
1366 2367 1600 2438 autem
1657 2375 1745 2438 ad
1796 2373 2126 2439 interiora
2178 2374 2424 2439 insulae
2473 2394 2754 2457 progre-

853 2473 1073 2551 diens,
1136 2475 1516 2540 exercitum
1558 2471 2121 2556 quaquaversum
2165 2474 2546 2538 discurrere
2597 2494 2754 2560 per-

852 2573 1061 2648 misit,
1098 2574 1461 2657 captisque
1505 2571 1856 2637 nonnullis
1899 2571 2208 2655 episcopi
2236 2574 2598 2650 militibus,
2633 2573 2756 2639 sed

853 2678 926 2736 et
966 2672 1209 2755 spoliis
1253 2673 1486 2755 magni
1522 2673 1752 2755 pretii,
1785 2678 1856 2736 et
1890 2672 2232 2736 thesauris
2282 2673 2474 2736 mirae
2520 2673 2754 2738 multi-

851 2771 1112 2835 tudinis
1140 2773 1457 2855 repertiS,
1483 2771 1945 2848 castellulum,
1967 2771 2154 2853 quod
2185 2779 2336 2837 erat
2364 2773 2437 2835 in
2465 2772 2755 2838 introitu

848 2870 1121 2947 insulae,
1186 2871 1305 2935 ubi
1364 2877 1433 2935 et
1508 2871 1816 2954 episcopi
1876 2889 1951 2934 se
2011 2870 2265 2934 milites
2329 2881 2754 2955 receperant,

850 2969 1173 3046 obtinuit,
1205 2975 1274 3034 et
1319 2970 1629 3052 accepit:
1684 2967 2058 3053 habitaque
2104 2969 2276 3034 mire
2333 2977 2405 3035 et
2453 2971 2753 3053 gloriose

849 3068 935 3131 de
994 3069 1407 3133 adversariis
1450 3066 1766 3146 victoria,
1818 3069 2190 3151 plurimum
2250 3068 2564 3134 hostibus
2627 3089 2752 3152 per

848 3165 1176 3250 Angliam
1239 3176 1566 3233 terrorem
1621 3169 1934 3232 incussit.
2074 3169 2462 3252 Episcopus
2521 3177 2750 3234 autem

848 3268 966 3331 vix
1014 3268 1275 3350 regiam
1326 3268 1630 3334 evadens
1664 3269 2017 3345 virtutem,
2046 3285 2330 3350 pauper,
2367 3275 2439 3333 et
2466 3269 2748 3352 depres-

844 3385 965 3430 sus
1002 3366 1407 3430 Glaorniam
1446 3367 1743 3448 aufugit,
1791 3367 1906 3430 ubi
1944 3385 2181 3431 omnes
2230 3387 2274 3430 a
2324 3387 2488 3449 rege
2534 3369 2746 3433 infes-

844 3466 977 3528 tati
1030 3465 1229 3547 quasi
1287 3464 1359 3527 in
1413 3467 1751 3529 sentinam
1823 3468 2311 3544 convenerant,
2370 3467 2745 3550 didicitque

844 3582 1130 3644 egenuS,
1188 3564 1373 3645 quod
1416 3564 1678 3628 discere
1713 3565 1951 3647 nequit
1995 3565 2211 3643 diveS‚
2260 3572 2334 3629 et
2382 3569 2744 3650 superbuS,

844 3662 1011 3745 quia
1045 3662 1328 3745 deponit
1364 3664 1708 3728 Dominus
1764 3670 2078 3746 potentes
2133 3665 2218 3728 de
2269 3665 2456 3743 sede,
2499 3673 2570 3731 et
2626 3669 2744 3748 qni

842 3781 917 3826 se
947 3769 1354 3844 arroganter
1382 3764 1676 3840 exaltat,
1709 3781 1929 3846 usque
1962 3765 2049 3828 ad
2099 3765 2313 3829 imum
2344 3765 2742 3849 depressum

841 3862 1180 3926 humiliat.

944 3961 1132 4024 Dum
1168 3959 1316 4025 haec
1355 3962 1426 4024 in
1458 3960 1721 4026 Eliensi
1756 3970 2126 4043 agerentur
2157 3963 2538 4045 provincia,
2568 3965 2748 4030 Wil-

842 4058 1091 4124 lelmus
1124 4059 1307 4123 filius
1359 4059 1666 4140 Ricardi,
1702 4061 1810 4124 vir
1853 4062 2240 4126 stemmatis
2273 4063 2745 4142 illustrissimi,

843 4159 1097 4241 quique
1142 4157 1511 4225 comitatus
1543 4159 2036 4227 cornubiensis
2083 4162 2584 4244 amplissimum
2617 4167 2748 4228 sub
