3167 5009
921 432 966 495 2
1549 444 1779 492 GnsrA
1826 444 2214 504 srarnAm,

927 600 1263 685 quidquid
1312 600 1562 681 flagitii
1604 600 1815 663 menti
1859 600 2287 676 occurrebat,
2318 597 2825 682 promptissime

928 703 1376 785 peragebant.
1492 699 1596 763 Ut
1651 700 1830 762 enim
1887 699 2114 763 verbis
2167 698 2587 781 propheticis
2644 706 2824 772 utar,

927 820 972 865 a
1003 798 1243 883 planta
1287 800 1480 882 pedis
1524 817 1745 881 usque
1784 798 1872 861 ad
1907 799 2230 863 verticem
2270 818 2407 862 non
2439 806 2591 861 erat
2618 798 2693 861 in
2728 798 2823 859 eis

927 902 1233 965 sanitas:
1282 900 1447 982 quia
1481 918 1524 961 a
1567 898 1867 961 minimis
1903 917 2121 979 usque
2168 898 2254 960 ad
2300 917 2629 973 summoS,
2676 895 2822 960 ani-

927 1019 1059 1063 mae
1115 1000 1354 1063 morbo
1414 1004 1895 1079 aegrescentes,
1942 995 2053 1060 vel
2108 1004 2381 1078 raptum
2440 996 2822 1060 committe-

925 1099 1120 1175 bant,
1203 1098 1310 1163 vel
1393 1097 1626 1179 raptui
1713 1096 1867 1159 aliis
1955 1096 2391 1159 assentiendo
2466 1096 2823 1177 parebant.

931 1198 1128 1261 Ferae
1180 1215 1482 1279 quoque,
1529 1216 1685 1279 quae
1736 1196 1806 1258 in
1864 1192 2015 1258 tota
2074 1194 2268 1278 prius
2317 1195 2623 1275 regione,
2675 1202 2823 1257 tan-

927 1316 1136 1378 quam
1199 1298 1269 1359 in
1327 1293 1654 1376 indagine
1724 1293 2035 1370 reclusae,
2082 1313 2239 1357 cum
2309 1292 2578 1358 summa
2654 1312 2823 1375 pace

927 1397 1480 1470 reservabantur,
1547 1413 1732 1457 nunc
1800 1391 2354 1475 quaquaversum
2429 1393 2717 1469 turbari,
2781 1412 2823 1456 a

926 1495 1235 1575 quolibet
1296 1494 1552 1575 passim
1617 1492 1944 1576 dispergi,
2005 1495 2093 1557 ab
2153 1493 2490 1569 omnibuS,
2554 1494 2824 1576 abjecto

927 1602 1140 1670 metu,
1203 1594 1569 1676 prosterni.
1676 1591 1769 1656 Et
1836 1591 1984 1655 haec
2050 1593 2325 1676 quidem
2392 1593 2637 1666 minor,
2701 1611 2824 1655 nec

927 1693 1221 1757 multum
1270 1692 1754 1774 conquerenda
1792 1691 2096 1774 jactura,
2146 1691 2266 1755 sed
2314 1691 2679 1755 admodum
2717 1699 2824 1755 ta-

927 1812 1084 1856 men
1137 1792 1503 1874 stupenda,
1554 1792 1899 1873 quomodo
1962 1798 2161 1855 tanta
2218 1791 2515 1854 ferarum
2582 1790 2822 1868 millia,

925 1911 1083 1973 quae
1119 1899 1324 1956 antea
1360 1891 1639 1973 copioso
1675 1910 1885 1972 grege
1922 1891 2309 1954 universam
2345 1901 2596 1955 terram
2628 1889 2821 1954 afflu-

923 1998 1121 2055 enter
1153 1989 1596 2067 inundarant,
1629 1998 1769 2053 tam
1826 1990 2109 2071 repente
2151 1989 2407 2053 suerint
2444 1990 2822 2068 adnullata,

924 2099 1004 2154 ut
1065 2090 1151 2153 de
1218 2100 1362 2153 tam
1424 2090 1786 2153 innumero
1847 2091 2165 2152 examine
2226 2090 2345 2151 vix
2404 2091 2577 2153 duas
2631 2097 2821 2172 post-

922 2190 1200 2252 modum
1273 2188 1477 2251 simul
1543 2189 1899 2271 reperires·
2040 2188 2180 2252 Ubi
2254 2188 2531 2252 tandem
2610 2188 2823 2271 coepit

921 2289 1208 2369 grandis
1246 2287 1419 2365 haec,
1451 2294 1522 2351 et
1560 2288 1929 2351 indicibilis
1965 2290 2166 2371 copia
2211 2287 2382 2352 adeo
2430 2290 2818 2367 extenuari,

921 2394 1003 2453 ut
1037 2388 1410 2464 rarissima,
1444 2394 1524 2451 ut
1571 2390 1791 2465 aiunt,
1826 2389 1977 2451 avis
2013 2395 2218 2464 esset,
2252 2387 2362 2453 vel
2414 2408 2618 2451 unam
2674 2390 2819 2452 ubi-

919 2489 1027 2551 vis
1073 2487 1380 2552 locorum
1423 2488 1641 2551 feram
1693 2487 2105 2569 conspicari,
2151 2488 2223 2550 in
2276 2488 2540 2569 seipsos
2593 2496 2819 2552 trucu-

918 2586 1142 2650 lenter
1168 2588 1482 2651 conversi
1518 2588 1636 2649 alii
1677 2588 1853 2650 alios
1872 2585 1893 2621 ¹
1930 2586 2271 2668 spoliare3
2317 2606 2427 2650 res
2462 2606 2817 2669 possessas

918 2686 1052 2749 sibi
1095 2687 1398 2750 vicissim
1442 2686 1777 2768 diripere3
1839 2686 2122 2749 insidias
2169 2694 2239 2750 et
2283 2706 2517 2749 necem
2564 2688 2818 2751 alteru·

919 2785 1080 2847 trim
1110 2785 1336 2847 moliri
1362 2805 1379 2861 ;
1426 2791 1641 2867 utque
1672 2804 1796 2867 per
1824 2786 2229 2867 prophetam
2256 2786 2532 2862 dicitur,
2559 2788 2668 2850 vir
2696 2789 2820 2850 im-

919 2883 1448 2947 misericorditer
1490 2884 1562 2946 in
1614 2885 1863 2959 virum,
1916 2887 2389 2967 unusquisque
2438 2886 2699 2950 irruere
2748 2889 2819 2950 in

917 2984 1312 3063 proximum
1369 3002 1595 3048 suum.
1725 2982 2074 3066 Quicquid
2136 2986 2315 3048 enim
2376 2984 2655 3049 sceleris
2715 2984 2818 3049 ira

918 3090 1210 3162 urgente
1255 3084 1383 3145 sub
1431 3102 1605 3165 pace
1638 3083 2056 3160 dictabatur,
2096 3103 2303 3161 nunc,
2337 3084 2663 3149 vindictae
2714 3106 2821 3148 ar·

917 3189 1114 3265 repto
1173 3189 1504 3265 tempore,
1536 3183 1625 3246 ad
1688 3182 2003 3247 effectum
2060 3181 2267 3265 quam
2328 3184 2643 3247 celeriter
2699 3186 2817 3248 de·

915 3280 1342 3347 ducebatur:
1418 3282 1583 3364 quia
1647 3283 1891 3346 odiosa
1946 3283 2263 3347 simultas
2330 3302 2483 3346 sese
2542 3284 2817 3366 publice

915 3388 1233 3461 retegens
1298 3381 1625 3463 quicquid
1692 3381 1959 3445 occulte
2030 3400 2263 3445 secum
2332 3380 2684 3464 palliarat,
2744 3385 2818 3447 in

914 3478 1136 3543 lucem
1169 3498 1350 3543 nunc
1384 3479 1737 3561 proferens
1771 3480 2010 3562 aperte
2045 3481 2463 3549 declarabat.

589 3602 788 3651 Stephem
1018 3578 1300 3642 Interea
1334 3580 1493 3642 dum
1530 3598 1607 3641 se
1640 3577 2027 3660 Anglenses
2077 3582 2181 3645 ita
2226 3582 2679 3655 turbulenter,
2716 3582 2817 3646 ita

589 3653 725 3691 count
746 3652 794 3691 of

587 3702 818 3751 nomogne,
913 3683 984 3740 et
1051 3677 1454 3742 calamitose
1529 3679 1985 3756 continerent,
2054 3680 2451 3762 laxatisque
2518 3680 2815 3763 justitiae

585 3752 798 3851 ῗέἓῗωῗ.
911 3776 1144 3842 fraenis
1193 3776 1280 3841 ad
1327 3796 1528 3843 omne
1573 3777 1770 3842 nefas
1821 3777 2034 3843 libere
2081 3788 2624 3862 prorumperent,
2662 3780 2817 3845 Ste-

911 3876 1182 3958 phanus
1214 3876 1695 3941 Bulouicensis
1734 3876 2008 3954 ComeS,
2037 3879 2144 3941 vir
2182 3878 2519 3961 praeclara
2565 3880 2815 3943 nobili-

912 3982 1101 4038 tatus
1157 3972 1507 4058 prosapia,
1548 3973 1880 4057 Angliam
1936 3996 2091 4042 cum
2150 3978 2391 4059 paucis
2453 3979 2815 4062 applicuit.

1566 4198 1581 4227 ¹
1620 4202 1635 4228 ‘
1660 4200 1831 4263 allus‚'
1853 4201 2147 4253 Duchesne.
