3167 5009
961 480 1174 527 Recls
1221 480 1651 529 ANenoRuM.
2218 468 2261 531 '7

353 636 424 698 in
459 656 676 717 regno
709 635 1253 701 confirmandum
1307 656 1543 701 omnes
1578 638 1839 719 pariter
1866 639 2259 717 convolent,

352 736 640 818 parique
700 755 1041 799 consensu
1109 737 1273 819 quid
1323 736 1791 815 statuendum,
1839 739 2095 820 quidve
2153 760 2261 803 re-

351 836 732 917 spuendum
769 836 889 912 sit,
921 837 1008 900 ab
1043 837 1362 901 omnibus
1395 838 1884 918 provideatur.’
1978 836 2261 921 Adjecit

355 942 426 997 et
511 954 740 1015 regem
823 936 1233 1011 Henricum,
1308 934 1464 999 cum
1545 937 1926 1013 adviveret,
2003 939 2261 1021 primos

356 1034 574 1097 totius
634 1036 830 1115 regni
875 1035 1265 1098 arctissimo
1313 1036 1811 1101 constrinxisse
1856 1036 2258 1120 jurejuran-

357 1132 469 1209 do,
500 1154 586 1197 ne
617 1153 822 1215 quem
858 1141 1017 1215 post
1045 1134 1231 1197 illius
1267 1132 1667 1211 discessum,
1701 1137 1833 1201 nisi
1865 1143 1988 1199 aut
2018 1136 2254 1214 filiam,

357 1251 563 1312 quam
619 1232 855 1297 comiti
909 1230 1403 1313 Andegavensi
1443 1233 1827 1314 maritarat,
1874 1242 1997 1298 aut
2044 1236 2255 1314 illius,

357 1332 417 1393 si
461 1332 939 1414 superfuisset,
983 1331 1347 1409 haeredem,
1397 1332 1471 1397 in
1520 1353 1737 1415 regno
1785 1334 2255 1418 susciperent:

355 1430 648 1513 ideoque
725 1439 1350 1515 praesumptuosum
1429 1452 1578 1497 esse
1657 1434 2005 1517 quippiam
2096 1433 2257 1498 huic

358 1537 626 1596 statuto
670 1530 1038 1595 adversum
1097 1532 1273 1595 velle
1314 1525 1578 1597 moliri:
1632 1533 1933 1597 maxime
1974 1531 2135 1597 cum
2185 1542 2257 1597 et

355 1629 500 1693 filia
532 1630 685 1713 ejus
725 1637 1078 1711 superstes
1117 1637 1325 1706 esset,
1359 1638 1429 1695 et
1463 1631 1809 1699 haeredum
1844 1632 2074 1713 gratia
2116 1652 2255 1695 non

357 1730 769 1811 privaretur.
874 1730 986 1792 Ad
1035 1729 1184 1792 haec
1237 1731 1422 1810 regis
1477 1730 1890 1812 suffraganei
1935 1738 2255 1796 constan·
2278 1751 2319 1789 A
2368 1760 2496 1789 amn
2470 1753 2539 1788 nn

355 1834 464 1890 ter
509 1827 1031 1911 responderunt,
1062 1828 1419 1906 ‘,’Verum
1454 1830 1863 1912 inquiuntst
1884 1850 2011 1893 nec
2046 1833 2255 1894 abne-
2277 1799 2577 1899 ⁰1¹¹stessss‘2'i1.”⁸‘¹

357 1927 688 2007 gaudum,
760 1946 992 2007 regem
1046 1927 1428 1991 Henricum
1505 1929 1777 1993 callidae
1854 1930 2255 1993 intentionis

357 2027 714 2108 proposito
749 2026 960 2089 filiam
994 2026 1456 2109 despondisse,
1495 2029 1823 2109 quatinus
1856 2028 2035 2092 inter
2066 2028 2253 2092 Nor·

357 2144 672 2202 mannoS,
707 2133 778 2190 et
831 2124 1397 2207 AndegavenseS,
1450 2127 1570 2208 qui
1621 2146 1698 2190 se
1751 2128 2012 2208 saepius
2053 2127 2254 2192 dissi·

353 2224 579 2287 dendo
613 2222 998 2301 turbarant,
1050 2224 1313 2289 firmius
1355 2233 1426 2288 et
1459 2224 1778 2290 stabilius
1820 2246 2061 2309 pacem
2090 2246 2254 2290 con·-

359 2324 656 2389 ciliaret.
758 2321 872 2388 Ad
937 2324 1161 2407 ipsam
1225 2344 1501 2413 quoque
1583 2325 2069 2390 haeredandam
2135 2327 2257 2389 im-

357 2424 632 2505 perioso
666 2423 811 2498 illo,
865 2424 976 2486 cui
1029 2422 1262 2487 nullus
1316 2424 1721 2500 obsistebat,
1756 2426 1895 2489 oris
1929 2426 2255 2502 tonitruo,

357 2541 664 2587 summos
727 2523 942 2585 totius
1013 2523 1209 2603 regni
1288 2522 1528 2605 jurare
1604 2524 1937 2605 compulit
2021 2522 2255 2604 potius

359 2620 570 2705 quam
638 2622 990 2704 praecepit.
1095 2622 1188 2685 Et
1242 2640 1642 2704 quanquam
1696 2622 1974 2686 eosdem
2034 2622 2255 2687 invite

350 2721 613 2804 jurare,
636 2722 1244 2804 Juramentumque
1271 2721 1455 2785 haud
1493 2729 1721 2785 ratum
1764 2714 1910 2786 fo're
1946 2741 2252 2805 praenos-

359 2826 570 2897 ceret,
626 2820 843 2885 voluit
905 2828 1161 2897 tamen,
1211 2840 1400 2885 more
1437 2821 1842 2899 EzechieliS,
1889 2823 1959 2885 in
2008 2822 2255 2885 diebus

359 2940 598 3002 pacem
675 2921 1068 2995 reformare,
1140 2940 1394 3002 perque
1459 2922 1662 2985 unius
1728 2922 2033 2985 mulieris
2089 2941 2256 2985 con·

351 3019 629 3103 jugium
674 3018 894 3083 multa
930 3019 1280 3084 hominum
1335 3021 1553 3084 millia
1594 3020 1682 3083 ad
1716 3021 2100 3086 concordiae
2133 3021 2254 3085 ad-

357 3121 652 3183 sciscere
713 3118 1080 3199 glutinum.
1196 3118 1434 3201 thue
1484 3126 1805 3201 patenter
1850 3140 2259 3200 agnoscere-

362 3238 539 3295 muS‚
573 3218 756 3300 quod
789 3219 852 3281 ei
885 3219 959 3281 in
998 3216 1146 3282 vita
1180 3215 1370 3282 certa
1421 3219 1508 3281 de
1553 3220 1768 3281 causa
1816 3218 2257 3299 complacuit,

361 3325 520 3399 post
551 3324 840 3381 mortem
869 3325 951 3382 ut
982 3317 1199 3380 fixum
1230 3317 1409 3380 foret
1439 3316 1897 3398 displicuisse,
1934 3336 2257 3398 supremo

360 3437 515 3480 eum
577 3416 888 3498 agitante
947 3417 1188 3479 mortis
1251 3416 1569 3492 articulo,
1638 3414 1792 3483 cum
1852 3423 1922 3479 et
1983 3416 2259 3499 plurimi

359 3523 696 3591 astarent,
760 3523 832 3579 et
893 3535 1126 3579 veram
1215 3534 1496 3579 suorum
1560 3523 1913 3580 erratuum
1990 3515 2259 3580 confes-

359 3616 617 3678 sionem
663 3614 1007 3690 audirent,
1051 3616 1136 3677 de
1171 3614 1628 3697 jurejurando
1677 3616 2017 3679 violenter
2048 3616 2261 3678 Baro-

359 3716 561 3777 nibus
595 3714 738 3776 suis
773 3714 1086 3797 injuncto
1122 3712 1552 3795 apertissime
1590 3714 1938 3794 poenituit.
2033 3713 2264 3790 Unde,

358 3814 524 3895 quia
577 3820 848 3876 constat
893 3832 1094 3875 omne
1133 3813 1624 3895 jusjurandum
1676 3831 1721 3875 a
1770 3812 2077 3893 quolibet
2106 3832 2262 3876 cum

359 3911 692 3976 violentia
723 3918 1076 3975 extortum
1110 3912 1333 3993 ipsam
1361 3911 1646 3993 perjurii
1672 3909 2041 3974 efficaciam
2077 3912 2267 3992 peni-

363 4011 476 4076 tus
525 4011 863 4087 amisisse,
907 4030 1148 4074 sanum
1197 4018 1327 4087 est,
1372 4009 1854 4093 praecipueque
1902 4017 2267 4094 acceptan-

359 4112 549 4186 dum,
595 4129 751 4173 eum
801 4109 889 4174 ad
949 4110 1375 4191 regnandum
1431 4110 1593 4173 laete
1642 4109 2015 4191 suscipere,
2061 4129 2266 4191 quem

362 4217 431 4273 et
460 4228 803 4273 summum
841 4210 1058 4273 totius
1095 4210 1287 4290 regni
1328 4216 1537 4291 caput
1585 4208 1733 4272 sine
1765 4209 2043 4291 repulsu
2084 4208 2267 4272 Lon-

1093 4490 1132 4505 κ
