3167 5009
1014 489 1228 541 uneis
1279 489 1709 539 ANcmRuM.
2213 474 2303 541 89

392 645 866 723 cohortantes,
915 652 988 710 et
1043 645 1131 709 ad
1179 664 1337 709 eum
1393 644 1823 710 liberandum
1885 645 2303 713 unanimiter

392 747 896 829 conspiranteS,
986 746 1273 810 Battam
1377 745 1751 827 petierunt,
1830 746 2303 829 accersitoque

392 846 713 929 praesule,
729 847 861 909 sub
887 844 1043 922 fide,
1074 853 1144 910 et
1165 844 1644 930 jurejurando,
1676 845 1964 911 liberam
1994 846 2058 909 ei
2086 852 2160 909 et
2191 847 2298 911 in-

391 946 708 1011 demnem
748 946 1236 1026 egressionem,
1268 946 1670 1027 salvamque
1700 944 2105 1011 reditionem
2134 963 2297 1029 spo-

393 1046 806 1129 ponderunt.
912 1045 1298 1128 Episcopus
1333 1045 1639 1122 tandem,
1670 1052 1751 1109 ut
1783 1045 2134 1122 innocens,
2178 1045 2298 1129 qui
2323 1061 2415 1101 The
2431 1060 2590 1101 fflends

394 1146 615 1210 credit
659 1146 848 1209 omni
879 1146 1118 1221 verbo,
1153 1152 1232 1208 ut
1265 1144 1444 1209 alter
1473 1145 1723 1221 Jacob,
1745 1144 1864 1228 qui
1898 1144 2301 1226 simpliciter
2321 1111 2626 1211 mvn&

397 1246 668 1311 habitat
714 1246 789 1309 in
832 1244 1065 1323 domo,
1097 1244 1336 1310 dolose
1381 1246 1470 1310 ab
1517 1242 1747 1327 impiis
1782 1246 2103 1311 laetanter
2147 1263 2298 1311 sus-
2324 1212 2625 1309 ἷῖιῗιῗῗῗιῖὸῗ

397 1345 694 1429 cipitur:
757 1344 1136 1426 statimque
1183 1345 1258 1409 in
1322 1344 1692 1427 Evangelii
1757 1363 2169 1426 praeconem,
2226 1346 2301 1409 in
2325 1310 2626 1407 gfss'itffl‘m

397 1452 865 1509 sacrosanctae
943 1463 1200 1509 mensae
1255 1444 1392 1509 Dei
1450 1445 1838 1511 ministrum
1924 1445 2303 1525 sacrilegas

399 1564 648 1610 manus
696 1544 1106 1629 injecerunt,
1163 1545 1745 1626 reverendumque
1795 1543 1955 1610 fidei
2016 1551 2088 1608 et
2144 1544 2302 1609 reli-

399 1645 629 1728 gionis
677 1644 1058 1709 communis
1109 1650 1435 1722 satorem,
1492 1645 1613 1726 qui
1672 1644 1900 1713 horrei
1958 1643 2306 1713 Dominici

398 1746 704 1810 triticum
749 1744 1165 1826 expendere,
1195 1744 1316 1825 qui
1361 1763 1595 1809 arcam
1629 1744 1766 1809 Dei
1784 1744 2104 1826 ,illudque
2128 1743 2301 1809 divi-

401 1864 566 1907 num
622 1862 880 1907 manna
937 1850 1170 1924 gestat
1225 1844 1295 1905 in
1346 1852 1649 1925 pectore,
1707 1843 2034 1909 conviciis
2082 1844 2304 1923 impu·
2326 1833 2629 1931 ξξῖξξξζξζῗ

401 1944 572 2008 dicis
601 1944 1017 2025 irrogantes,
1049 1942 1422 2024 suspendio
1455 1944 1526 2007 ni
1559 1942 1953 2008 Galfridum
1989 1940 2307 2007 redderet
2328 1932 2626 2033 ξοῗζῇξῖζὶ,

401 2045 812 2125 extinguere
863 2039 1292 2107 minitarunt.
1397 2042 1619 2108 Porro
1655 2043 2039 2126 Episcopus
2072 2042 2146 2105 in
2181 2042 2305 2109 tri-

402 2144 780 2207 bulationis
832 2140 1157 2223 angustia
1210 2144 1502 2224 posituS,
1537 2142 1693 2207 cum
1741 2142 2119 2209 adversarii
2178 2161 2306 2207 nec

403 2244 691 2327 pietate,
741 2262 868 2307 nec
913 2241 1196 2307 humani
1247 2242 1456 2307 animi
1509 2242 1991 2324 compassione
2025 2248 2310 2325 propter

403 2343 556 2427 ejus
598 2342 1027 2407 anxietatem
1061 2342 1553 2420 emollirentur,
1581 2341 1740 2427 (sed
1789 2361 1919 2407 nec
1966 2343 2077 2407 sui
2122 2342 2308 2406 intra

402 2462 640 2507 muros
682 2442 968 2524 recepti,
995 2449 1206 2524 capto
1255 2442 1595 2524 siquidem
1628 2442 1979 2525 Episcopo
2017 2438 2307 2508 interius

401 2562 480 2607 se
529 2543 962 2624 recipientes,
997 2542 1336 2609 conclusis
1371 2542 1590 2624 portis
1623 2542 1712 2605 ad
1747 2560 1981 2605 muros
2021 2539 2305 2606 defend·

401 2642 616 2707 endos
672 2649 1186 2718 concurrerant,
1233 2642 1606 2705 remedium
1639 2642 1743 2705 illi
1776 2640 2085 2707 conferre
2128 2658 2307 2722 prae-

403 2738 770 2828 valerent,)
811 2742 1221 2807 .temerariae
1285 2741 1560 2806 illorum
1628 2739 2061 2807 satisfaciens
2126 2758 2306 2824 prae-
2332 2744 2581 2836 ffrgggifflo

404 2842 810 2925 sumptioni,
848 2842 1071 2906 virum
1130 2841 1494 2923 compedes
1548 2850 1837 2907 exutum
1889 2840 2081 2907 reddi
2129 2860 2306 2923 prae-
2331 2848 2459 2947 ἕξετε
2475 2848 2549 2946 gg·

403 2943 615 3024 cepit,
646 2942 718 3006 in
767 2942 899 3006 hoc
955 2941 1272 3005 nimirum
1326 2940 1688 3007 commodo
1725 2959 1889 3007 usus
1932 2948 2005 3008 et
2048 2941 2311 3007 salubri

407 3041 746 3115 consilio;
812 3042 978 3124 quia
1021 3041 1081 3104 si
1130 3040 1326 3105 illum
1381 3041 1453 3104 in
1505 3060 1751 3107 manus
1796 3042 1980 3122 regis
2035 3048 2312 3129 contra-

407 3141 708 3205 dendum
744 3148 824 3204 ut
853 3147 1135 3224 ceperat
1178 3147 1588 3217 reservaret,
1624 3140 1965 3223 supplicio
2010 3158 2169 3203 eum
2201 3139 2313 3204 vel

410 3242 574 3305 vitae
633 3240 944 3323 periculo
991 3239 1449 3322 exposuisset,
1501 3240 1805 3320 seipsum
1860 3246 2092 3304 autem
2152 3256 2313 3304 con-

409 3340 715 3404 tumeliis
777 3338 1232 3417 afficiendum,
1301 3339 1412 3402 vel
1466 3336 1615 3403 vita
1668 3338 2078 3420 privandum
2140 3357 2317 3419 prae-

411 3440 698 3504 buisset.
805 3438 1054 3522 Neque
1109 3441 1292 3503 enim
1338 3456 1587 3503 sanum
1628 3445 1801 3515 erat,
1835 3445 1958 3503 aut
1989 3437 2314 3521 Episcopi

2548 2756 2617 2835 οἳ.

414 3538 742 3616 officium,
771 3538 1030 3603 malum
1066 3559 1191 3620 pro
1235 3539 1420 3601 malo
1463 3539 1772 3614 reddere,
1804 3545 2021 3620 utque
2064 3556 2313 3602 nocen-

411 3641 600 3704 tibus
651 3645 932 3702 noceret
984 3639 1133 3720 ipse
1185 3656 1442 3703 nocens
1476 3639 1801 3704 existere.
1906 3636 2041 3702 Sed
2092 3656 2317 3720 neque

411 3740 591 3803 ratio
621 3739 1018 3820 expetebat,
1056 3744 1133 3800 ut
1163 3738 1374 3802 alium
1419 3737 1975 3802 contumeliando
2012 3738 2311 3819 seipsum

408 3839 847 3906 contumeliis
901 3837 1258 3920 adjiceret,
1305 3834 1462 3901 cum
1524 3843 1790 3901 constet
1841 3836 2180 3899 neminem
2240 3854 2316 3901 se

411 3938 566 4018 ipso
618 3938 750 4002 sibi
783 3956 936 3999 esse
981 3938 1566 4020 propinquiorem,
1604 3954 1827 4018 neque
1872 3955 1999 4018 pro
2032 3934 2317 4000 alterius

411 4034 644 4100 anima
743 4054 942 4101 suam
977 4030 1002 4041 ’
1027 4036 1464 4118 aliquatenus
1548 4042 1973 4101 commutare
2049 4028 2315 4100 debere.

417 4136 723 4200 Reddite
777 4136 1075 4217 denique
1130 4137 1301 4211 viro,
1349 4136 1581 4213 immo,
1645 4143 1724 4199 ut
1780 4134 2013 4199 verius
2069 4136 2319 4211 dicam,

417 4234 693 4301 occulta
731 4236 864 4299 Dei
912 4235 1363 4318 dispositione
1413 4236 1501 4299 ad
1553 4237 1803 4299 animae
1864 4254 2008 4299 suae
2059 4234 2319 4316 suppli-
