3167 5009
911 461 1002 527 18
1527 473 1759 520 cnsrs
1810 469 2199 526 srnrfflmi,

915 632 1248 707 rabimus,
1287 648 1447 693 eum
1467 622 1965 710 impulissent.¹
2046 624 2143 688 Et
2188 621 2345 685 istis
2386 620 2663 703 quidem
2692 617 2815 682 tali

917 731 1125 796 nodo
1177 728 1542 812 peroratis,
1600 728 1673 789 in
1732 723 1877 787 una
1928 723 2235 788 omnim
2288 740 2487 803 paee,
2530 727 2604 784 et
2652 739 2815 782 con-

919 828 1160 895 cordia
1187 828 1554 893 concilium
1585 832 1697 890 est
1720 824 2045 887 solutum.

591 930 814 989 sauna
1025 929 1326 993 Exstitit
1369 948 1456 991 eo
1509 927 1582 989 in
1638 933 1949 1005 tempore
1998 922 2353 986 Rohertus
2408 918 2691 1002 quidam
2732 919 2817 981 de

585 1050 820 1089 m.
923 1025 1428 1103 Battbentona,
1471 1025 1671 1089 miles
1704 1020 1949 1087 revera
1992 1040 2122 1085 nec
2160 1019 2521 1101 sanguinis
2575 1016 2818 1095 infimi,

923 1146 1054 1193 nec
1107 1127 1392 1192 honoris
1432 1132 1771 1189 terrarum
1808 1122 2075 1203 exigui,
2106 1120 2229 1183 sed
2276 1137 2503 1182 vorax
2534 1116 2703 1195 vini,
2746 1125 2817 1181 et

919 1246 1234 1291 escarum
1278 1231 1749 1306 consumptor,
1796 1222 1983 1303 gulae
2038 1218 2341 1295 tantum,
2384 1225 2457 1281 et
2500 1217 2816 1281 ebrietati

917 1328 1051 1391 sub
1077 1344 1250 1409 pace
1289 1325 1609 1389 vacabat.
1688 1322 1977 1385 Mortuo
2009 1326 2245 1383 autem
2280 1337 2443 1398 rege
2488 1316 2818 1395 Henrico,

919 1426 1278 1489 ebrietatis
1326 1422 1635 1487 studium
1678 1422 1754 1484 in
1807 1419 2168 1483 discordiae
2210 1424 2645 1481 commutans
2683 1417 2816 1480 dis-

587 1543 632 1583 t·
647 1542 786 1593 cumr
800 1543 852 1583 or
917 1524 1197 1600 sidium,
1227 1523 1584 1597 militibus,
1618 1528 1693 1584 et
1718 1519 2105 1601 sagittariis
2144 1536 2381 1581 secum
2418 1516 2493 1577 in
2529 1517 2817 1581 castello

582 1643 833 1693 aunum.
919 1622 1406 1705 agglutinatis,
1435 1619 1676 1685 affines
1708 1638 1947 1683 omnes
1972 1618 2159 1699 igne,
2190 1624 2265 1681 et
2304 1616 2817 1699 depraedatione

919 1722 1363 1787 vehementer
1415 1720 1765 1785 vexabat:
1841 1718 2283 1799 hominioque
2338 1714 2620 1779 tandem
2666 1718 2815 1797 regi

919 1821 1276 1903 Stephano
1337 1820 1676 1895 exhibito,
1742 1816 1900 1881 cum
1958 1816 2319 1881 discordiae
2376 1814 2681 1878 maxime
2745 1826 2817 1879 et

918 1920 1412 2003 inquietudinis
1435 1920 1717 1983 deberet
1752 1917 2075 1981 immunis
2106 1916 2432 1991 existere,
2475 1915 2819 1979 crudelior

581 2037 628 2077 ι.
639 2040 894 2079 ‚ammoneo
919 2020 1212 2095 cunctis,
1247 2026 1319 2083 et
1352 2018 1667 2082 infestior
1700 2017 2105 2099 apparebat.
2178 2014 2494 2079 Vocatus
2522 2014 2693 2077 vero
2726 2016 2811 2077 ad

578 2088 896 2188 2⁶?wa
920 2119 1182 2182 curiam
1244 2125 1572 2198 tanquam
1626 2118 1713 2181 de
1772 2115 2055 2179 rebellio
2104 2115 2175 2178 in
2234 2132 2451 2195 regno
2508 2116 2815 2178 excitato

579 2189 866 2280 ἶῗῗῗωιέἠ.
917 2216 1426 2293 satisfacturus,
1459 2217 1658 2299 piger
1684 2215 1985 2298 quidem,
2020 2221 2091 2277 et
2120 2213 2472 2277 subtristis
2505 2214 2815 2293 advenit3

918 2322 1166 2398 utpote
1211 2316 1331 2397 qui
1385 2315 1673 2399 perjurii
1717 2314 1850 2378 sibi
1888 2321 1960 2378 et
2016 2313 2443 2376 infidelitatis
2496 2314 2816 2377 conscius

915 2415 1178 2496 regiam
1213 2433 1290 2477 se
1323 2414 1763 2498 majestatem
1810 2412 2175 2477 offendisse
2202 2410 2575 2494 praendrat.
2678 2412 2819 2477 Ac-

916 2522 1202 2579 cusatus
1232 2513 1530 2596 denique
1576 2533 1622 2575 a
1663 2513 2001 2595 pluribus»,
2029 2530 2323 2593 quorum
2354 2512 2813 2576 substantiam

917 2613 1156 2679 hostili
1201 2612 1562 2676 invasione
1602 2612 2005 2693 diripuerat,
2049 2608 2207 2674 cum
2248 2628 2463 2673 causa
2506 2610 2660 2693 ejus
2712 2613 2815 2675 ina

921 2712 1179 2789 valida,
1202 2718 1274 2775 et
1301 2710 1664 2793 responsio
1692 2708 2008 2773 inefficax
2028 2716 2237 2785 esset,
2254 2711 2617 2773 sententiae
2633 2710 2818 2793 judi-

587 2830 877 2870 umtenoea
923 2830 1081 2873 eum
1122 2811 1440 2892 protinus
1495 2809 1841 2885 addictus,
1872 2808 2271 2890 compulsus
2314 2815 2422 2872 est
2454 2815 2524 2871 et
2568 2809 2817 2874 castel.-

585 2880 746 2969 332?
757 2890 816 2930 '¹¹'
832 2880 900 2921 ¹¹¹¹
922 2909 1068 2973 lum
1099 2908 1282 2989 regis
1300 2907 1780 2973 deliberationi
1798 2908 2249 2985 committere,
2268 2914 2340 2971 et
2368 2926 2819 2992 quaecumque

922 3007 1318 3088 possidebat
1347 3008 1418 3071 in
1447 3006 1932 3071 misericordiae
1952 3006 2141 3069 illius
2166 3006 2621 3087 dispositione
2653 3027 2815 3073 con·

923 3106 1261 3171 tradenda
1287 3125 1460 3173 esse.
1565 3107 1661 3170 Et
1700 3105 1831 3170 hoc
1857 3104 2165 3188 profecto
2193 3106 2389 3189 juste
2440 3108 2818 3187 provisum,

922 3206 1234 3288 satisque
1271 3207 1591 3271 idoneum
1623 3205 2013 3288 judicatum
2060 3204 2216 3281 fuit,
2252 3211 2332 3268 ut
2365 3206 2484 3286 qui
2524 3206 2815 3270 aliorum

920 3305 1210 3387 cupidus
1260 3324 1418 3387 quae
1473 3324 1603 3368 sua
1664 3323 1803 3367 non
1875 3310 2077 3367 erant
2128 3302 2387 3387 injuste
2441 3305 2815 3382 invaserat,

912 3403 1110 3485 justo
1165 3404 1516 3485 aequitatis
1561 3402 1829 3485 judicio
1880 3408 1953 3466 et
2005 3421 2135 3465 sua
2193 3402 2563 3467 amitteret.
2638 3404 2816 3468 Con-

921 3502 1180 3565 sultum
1229 3508 1341 3565 est
1387 3508 1625 3565 autem
1668 3501 1840 3581 regi,
1890 3500 2056 3583 quia
2107 3502 2486 3567 necessitas
2534 3502 2623 3565 ad
2687 3503 2816 3568 hoc

588 3617 773 3656 soldier·
787 3620 885 3658 unt
921 3600 1236 3679 urgebat,
1269 3599 1566 3664 militum
1602 3599 1951 3664 cohortem
1981 3600 2070 3664 ad
2104 3598 2259 3683 ejus
2302 3595 2812 3684 suscipiendum

583 3666 839 3755 0‘20‘2‘1'2‘.⁶²¹¹⁶
920 3697 1308 3774 castellum,
1360 3697 1737 3763 comitante
1798 3699 1952 3780 ipso
2018 3698 2351 3775 Robert0,
2421 3700 2817 3764 destinaret.

985 3870 999 3900 ¹
1034 3874 1258 3922 William
1281 3874 1339 3922 of
1356 3874 1677 3936 Malmsbury
1700 3876 1841 3937 gives
1892 3891 1981 3937 ger
2016 3875 2081 3925 de
2103 3877 2406 3937 Wendover,
2440 3883 2560 3927 tom.
2598 3879 2655 3928 ii.
2690 3882 2787 3928 217
2802 3898 2819 3939 ;

913 3940 1177 4003 Stephen’s
1214 3942 1412 3991 charter
1446 3948 1499 3991 at
1526 3945 1621 4005 full
1650 3945 1842 4007 length,
1890 3945 2007 3994 who
2040 3950 2195 3995 states
2228 3946 2339 3995 that
2366 3946 2587 4007 Stephen
2609 3952 2747 3996 went
2770 3953 2820 3996 to

911 4014 1040 4071 7⁰⁷3
1074 4011 1167 4059 but
1213 4010 1276 4060 he
1315 4012 1459 4061 dates
1497 4014 1540 4060 it
1571 4014 1697 4061 from
1732 4015 1842 4062 Ox·
1890 4014 2089 4063 Oxford
2120 4015 2249 4063 after
2270 4016 2353 4071 his
2390 4017 2698 4072 coronation,
2718 4018 2819 4065 and

910 4079 1039 4140 ford,
1086 4084 1232 4131 1186.
1327 4080 1431 4129 His
1472 4082 1578 4130 first
1623 4084 1840 4143 promise
1889 4084 2029 4132 there
2096 4085 2367 4133 confirmed
2428 4086 2515 4133 the
2575 4088 2819 4147 promises

909 4162 1017 4198 was
1054 4148 1297 4211 probably
1323 4151 1471 4211 given
1507 4156 1560 4199 at
1593 4152 1673 4200 his
1700 4168 1840 4201 coro-
1888 4152 2056 4201 which
2093 4153 2157 4202 he
2193 4154 2293 4201 had
2331 4155 2477 4203 made
2512 4170 2575 4202 on
2608 4155 2718 4204 that
2738 4171 2821 4203 oc-

907 4219 1076 4267 nation
1111 4223 1166 4267 at
1187 4219 1554 4270 westminster.
1628 4221 1723 4270 See
1740 4222 1840 4269 Ro·
1889 4222 2076 4270 casion.
