3167 5009
847 434 936 499 46
1481 448 1709 495 οΕετΛ
1762 445 2147 504 STEPHANI,

847 607 1134 672 insidias
1177 614 1437 669 texere.
1545 606 1633 669 In
1683 605 1795 669 die
1839 604 2015 669 vero·
2052 623 2209 669 cum
2261 600 2569 667 maxima
2597 622 2751 666 ver-

848 707 1272 783 naculorum,
1317 713 1388 770 et
1430 705 1729 769 militum
1778 704 2049 769 armata
2099 703 2379 768 cohorte
2438 705 2609 768 istas
2642 703 2753 767 vel

845 808 1006 873 illas
1077 805 1574 871 Bristoensium
1649 812 1869 869 terras
1949 804 2261 887 aggredi,
2334 823 2515 867 nunc
2594 808 2756 866 ante

847 908 1036 990 ipsas
1067 907 1366 971 civitatis
1396 912 1635 988 portas
1665 905 1865 988 quasi
1892 925 2017 988 per
2048 904 2443 969 violentiam
2487 902 2755 983 ingres-

849 1009 990 1071 suri
1031 1005 1286 1083 subito,
1315 1012 1390 1069 et
1416 1005 1754 1069 horrende
1806 1025 1963 1069 cum
2012 1006 2177 1068 totis
2222 1004 2487 1069 viribus
2537 1021 2753 1084 appa-

845 1126 1022 1183 rere,
1050 1105 1292 1170 domos
1336 1112 1408 1169 et
1449 1106 1735 1188 templa,
1775 1111 1848 1169 et
1874 1104 2200 1188 quicquid
2254 1104 2325 1167 in
2370 1104 2601 1185 ignem
2644 1122 2755 1166 re-

851 1206 1000 1288 digi
1027 1213 1322 1289 poterat,
1351 1212 1423 1270 et
1449 1206 1761 1269 consumi
1808 1251 2233 1270 .......

1395 1349 1668 1438 [Desunt
1695 1352 1917 1417 iterwm
1945 1350 2219 1438 aliqua]

851 1550 1140 1570 .....
1185 1500 1523 1568 immensa·
1559 1504 1769 1567 etiam
1812 1502 2191 1567 amicorum
2235 1508 2306 1565 et
2343 1501 2755 1585 splendidis-

847 1603 1005 1668 simi
1034 1601 1426 1669 dominatus
1469 1602 1789 1667 suffultus
1819 1599 2177 1686 potentia,1
2211 1602 2553 1666 secundus
2598 1609 2757 1685 post

849 1723 1086 1785 regem
1127 1704 1199 1767 in
1241 1704 1557 1767 omnibus
1600 1703 1797 1784 regni
1828 1701 2132 1785 imperiis
2173 1702 2572 1767 habebatur.
2680 1702 2757 1767 Is

848 1804 1106 1886 itaque,
1135 1802 1299 1867 licet
1323 1803 1475 1884 regi
1517 1803 1935 1880 carissimus,
1972 1801 2137 1865 licet
2178 1821 2362 1865 curae
2407 1802 2755 1885 palatinae,

849 1905 1181 1986 regnique
1225 1903 1529 1985 negociis
1558 1903 1823 1967 cunctis
1860 1900 2231 1985 specialius
2270 1909 2451 1966 esset
2488 1922 2755 1985 praepo-

849 2003 1045 2080 sitm,
1093 2001 1322 2067 carius
1374 2009 1629 2081 tamen,
1673 2009 1745 2066 et
1772 2002 2060 2066 amicius
2108 2001 2520 2084 supradictis
2570 2003 2757 2084 regis

850 2101 926 2168 Η
933 2103 1146 2167 enrici
1189 2102 1350 2166 filiis
1394 2103 1963 2184 compatiebatur,
1992 2103 2231 2185 eisque
2260 2102 2467 2166 fidem
2508 2101 2756 2167 firmis-

851 2201 1024 2267 sime
1073 2210 1532 2278 servaturum,
1589 2202 2109 2285 subsidiumque
2182 2201 2420 2266 sedule
2490 2203 2756 2285 impen-

847 2321 1108 2379 surum,
1136 2302 1408 2367 occulte
1449 2309 1685 2366 tamen
1726 2322 1813 2366 ne
1852 2322 2086 2384 regem
2130 2302 2525 2379 offenderet,
2554 2303 2757 2385 polli-

855 2402 1098 2480 citam,
1149 2402 1439 2467 castella
1485 2422 1639 2479 sua,
1697 2422 1853 2485 quae
1908 2401 2339 2467 ornatissime
2396 2409 2758 2467 construx-

855 2508 1026 2579 erat,
1085 2508 1229 2567 tam
1287 2502 1518 2578 armiS,
1577 2500 1787 2585 quam
1845 2522 2156 2567 escarum
2214 2502 2431 2586 copiis
2486 2503 2759 2566 munifi-

856 2601 1242 2666 centissime
1270 2602 1627 2679 sarciebat,
1654 2602 2028 2685 prudenter
2056 2611 2125 2667 et
2152 2603 2304 2685 regi
2342 2602 2759 2679 deserviens,

855 2708 929 2765 et
971 2703 1301 2785 temporis
1350 2704 1931 2784 opportunitatem
1986 2710 2386 2786 expectans,
2432 2722 2572 2784 quo
2621 2703 2761 2766 illis

855 2801 930 2865 in
959 2800 1290 2883 Angliam
1333 2802 1722 2865 adventatis
1754 2801 2019 2867 virilius
2057 2809 2129 2867 et
2161 2800 2553 2886 expeditius
2596 2804 2759 2866 sub·-

857 2901 1142 2967 veniret.
1263 2900 1450 2980 Quia
1505 2902 1716 2966 etiam
1774 2902 2168 2967 eorumdem
2242 2902 2614 2967 adventum
2688 2904 2760 2966 in

855 3002 1175 3082 proximo
1223 2997 1550 3083 Angliam
1608 3000 1976 3065 affuturum
2036 3003 2361 3087 sperabat
2398 3002 2534 3090 (sic
2580 3002 2758 3065 enim

855 3099 959 3163 illi
1024 3100 1451 3183 frequentius
1513 3101 1601 3165 de
1661 3100 2091 3167 Normannia
2146 3097 2583 3189 mandarant)
2642 3122 2759 3167 co·-

856 3198 1054 3282 piosa
1102 3202 1699 3267 innumerabilium
1748 3201 2041 3267 militum
2090 3203 2386 3284 stipatus
2442 3202 2760 3286 frequen·

855 3296 978 3378 tia,
1039 3302 1241 3384 quasi
1301 3302 1390 3365 ad
1469 3301 2011 3367 subveniendum
2068 3304 2133 3367 ei
2191 3322 2311 3366 eos
2368 3302 2760 3380 ductitaret,

853 3400 1120 3481 quaevis
1165 3400 1254 3465 ad
1304 3401 1482 3477 loca,
1513 3408 1584 3467 et
1612 3400 1913 3465 maxime
1957 3403 2143 3484 regis
2182 3402 2271 3467 ad
2312 3402 2573 3467 curiam
2602 3423 2759 3486 pro·-

857 3498 1122 3577 cedere,
1161 3520 1485 3582 magnam
1533 3507 1607 3564 et
1648 3501 2058 3583 stupendam
2104 3503 2481 3567 amicorum
2528 3503 2758 3567 multi·-

855 3597 1166 3663 tudinem
1233 3599 1589 3665 comitatui
1608 3597 1635 3633 ²
1684 3618 1815 3665 suo
1870 3601 2271 3685 adjungere,
2318 3603 2643 3686 quatinus
2692 3610 2763 3667 et

854 3696 1128 3763 interim
1173 3706 1456 3785 propter
1520 3699 1653 3764 hoc
1719 3702 1868 3782 regi
1932 3703 2414 3785 complaceret,
2479 3711 2550 3768 et
2606 3703 2760 3785 qui·

856 3798 986 3863 bus
1031 3797 1321 3881 gratim,
1364 3798 1825 3885 libentiusque
1863 3804 2173 3884 parebat,
2215 3804 2276 3868 si
2323 3803 2765 3868 advenissent

930 4046 944 4076 ¹
980 4048 1087 4099 The
1126 4066 1308 4112 Pef³⁰¹¹
1362 4052 1482 4135 {¹⁶³0
1527 4058 1697 4103 ΨΜ*
1722 4054 1785 4137 .ἰὸ
1906 4085 1927 4115 ²
1957 4088 1974 4117 ‘
1990 4091 2250 4142 comitatui
2268 4093 2301 4121 ·’
2364 4107 2437 4143 sc.
2476 4093 2765 4143 hominibus

856 4120 1104 4182 probably
1126 4122 1295 4183 Roget·
1323 4122 1519 4185 Brshop
1549 4124 1609 4173 of
1631 4124 1785 4175 Saha-
1948 4161 1959 4171 .
2266 4128 2282 4153 ’

857 4190 1006 4251 bury.
1079 4190 1163 4243 cf.
1183 4192 1374 4256 Trivet,
1396 4192 1530 4244 Anu.
1558 4198 1637 4245 10.
1833 4158 2117 4210 ωωιωώε·
