3167 5009
805 457 895 522 76
1429 471 1661 520 cusu
1705 471 2096 533 smmum,

476 651 566 691 uer
581 651 773 702 haughty
802 628 1019 716 jicere
1078 637 1573 708 convenerant,
1603 629 1824 695 invite
1873 637 1942 696 et
1991 647 2152 694 cum
2203 623 2448 712 aperta
2499 647 2718 712 quan·

474 703 768 794 fflifflffisf⁰
810 730 1039 815 doque
1084 732 1557 814 indignatione
1610 731 1983 815 suscipere,
2015 728 2192 795 alios
2245 737 2474 794 autem
2535 729 2718 814 inju-

808 831 954 909 riis,
991 839 1061 898 et
1114 833 1319 897 minis
1371 831 1668 898 afflictos
1711 830 2136 915 indignando
2192 850 2237 894 a
2287 849 2364 894 se
2415 830 2716 912 abigere.

811 932 1120 997 Istorum
1150 933 1645 1016 possessioneS‚
1671 939 1742 996 et
1774 939 2022 1009 terras,
2048 937 2128 996 ut
2152 949 2278 995 rex
2300 930 2538 994 haberi
2564 949 2714 1014 per-

809 1031 1116 1111 miserat,
1168 1033 1408 1098 ordine
1471 1032 1840 1097 indiscrete
1913 1036 2308 1116 permutato
2384 1031 2714 1108 minuere,

809 1133 925 1196 vel
975 1132 1289 1208 auferre;
1361 1132 1640 1196 illorum
1712 1130 1958 1196 feuda¹
2027 1137 2100 1196 et
2181 1127 2533 1208 honores,2
2570 1132 2712 1214 qui,

810 1231 975 1296 licet
1027 1232 1384 1316 perpauci,
1424 1234 1575 1316 regi
1622 1231 1848 1296 adhuc
1885 1239 2286 1315 paruerant,
2331 1231 2710 1296 distrahere

476 1355 560 1395 sne
576 1363 764 1393 rever-e·
811 1351 899 1398 ex
934 1339 1107 1411 toto,
1158 1339 1231 1398 et
1286 1333 1442 1398 aliis
1492 1333 1914 1417 permittere.
2023 1331 2373 1414 Quicquid
2418 1351 2544 1395 rex
2590 1330 2709 1395 de-

474 1403 786 1505 2233.K¹”⁸⁸⁸
811 1439 1001 1497 creto
1048 1433 1267 1516 regali
1317 1432 1726 1516 permissum
1775 1438 2145 1509 statuerat,
2183 1450 2302 1496 ore
2337 1432 2711 1516 imperioso

809 1533 1213 1612 destituere,
1275 1533 1602 1617 quicquid
1675 1532 2008 1610 ecclesiis,
2053 1531 2165 1596 vel
2226 1551 2460 1598 secum
2522 1551 2707 1595 com-

809 1632 1264 1697 militantibus
1340 1633 1511 1711 fixe,
1574 1639 1645 1697 et
1695 1628 2100 1697 inconcusse
2158 1629 2482 1706 donarat,
2526 1632 2707 1695 abri-

808 1751 973 1814 pere
1041 1733 1425 1811 confestim,
1482 1739 1553 1797 et
1613 1734 1758 1797 suis
1815 1732 2231 1816 impendere.
2365 1731 2709 1815 Quodque

474 1851 771 1952 ῗῶεειςῖἓῶη
812 1831 1089 1915 plurimi
1126 1833 1354 1898 fuerat
1382 1833 1757 1917 supercilii,
1793 1841 1865 1898 et
1901 1832 2320 1913 arrogantiae
2353 1831 2707 1910 indicium,

475 1953 794 2051 ssmffissssi'ss'rf‘
813 1931 971 1996 cum
1002 1953 1127 1998 rex
1162 1934 1438 2012 Scotiae,
1470 1941 1540 1997 et
1570 1935 1933 2016 episcopus
1961 1933 2365 2009 Wintoniae,
2393 1940 2466 1997 et
2497 1931 2712 1996 frater

472 2054 556 2094 aaa
575 2054 653 2093 ner
668 2063 764 2092 own
811 2031 997 2097 illius
1032 2053 1261 2099 comes
1304 2033 1682 2110 Glaorniae,
1716 2053 1893 2117 quos
1937 2034 2154 2098 totius
2203 2032 2396 2115 reg-ni
2450 2033 2708 2116 primos

474 2103 767 2203 {iffiffiassffih
811 2133 1173 2197 continuos
1209 2141 1373 2197 tunc
1407 2134 1692 2198 comites
1725 2153 1958 2198 secum
1990 2133 2346 2211 ductabat,
2376 2153 2505 2216 pro
2537 2152 2708 2214 quo-

476 2209 606 2254 ⁸¹’⁰⁶‘'
806 2231 977 2296 libet
1028 2233 1505 2316 supplicaturi,
1560 2233 1942 2316 poplitibus
2008 2241 2170 2298 ante
2224 2233 2448 2316 ipsam
2509 2233 2708 2296 flexis

804 2341 1271 2411 accesserant,
1303 2353 1466 2410 non,
1494 2334 1663 2416 ipsis
1687 2340 1849 2398 ante
1880 2354 1956 2398 se
1976 2333 2490 2410 inclinantibus,
2509 2353 2704 2398 reve-

802 2439 1031 2497 renter
1094 2441 1173 2497 ut
1226 2433 1460 2498 decuit
1520 2453 1910 2516 assurgere,
1997 2454 2124 2498 nec
2193 2434 2267 2497 in
2333 2433 2706 2517 postulatis

803 2534 1149 2609 assentiri,
1200 2534 1320 2598 sed
1360 2534 1802 2598 inexauditos
1843 2534 2267 2618 quamsaepe,
2302 2533 2705 2617 tumidaque

804 2633 1252 2715 responsione
1288 2635 1710 2698 obbuccatos
1759 2653 1803 2698 a
1851 2655 1928 2698 se
1975 2623 2307 2699 inhonore
2338 2634 2701 2698 dimittere.

803 2731 851 2796 J
856 2733 1250 2817 amJamque
1300 2755 1439 2798 non
1472 2734 1751 2798 illorum
1797 2734 2126 2813 consiliis,
2157 2741 2238 2798 ut
2286 2733 2598 2811 decebat,
2633 2740 2704 2798 et

804 2839 886 2896 ut
928 2833 1027 2896 eis
1074 2833 1513 2916 promiserat,
1562 2834 1790 2911 inniti,
1844 2835 1966 2898 sed
2017 2854 2144 2899 suo
2200 2853 2490 2917 quaeque
2542 2854 2702 2917 pro-

805 2931 988 3010 visu,
1048 2951 1192 2996 suae
1269 2940 1340 2998 et
1415 2933 1891 3017 dispositionis
1953 2942 2404 3018 praesumptu,
2456 2940 2708 3000 cuncta

471 3049 739 3141 3¹13ssssss
741 3049 789 3090 ot
806 3032 1161 3120 ordinare„
1285 3033 1466 3098 Haec
1514 3033 1683 3098 vere
1729 3033 1886 3099 cum
1949 3035 2316 3118 episcopus
2355 3035 2705 3099 Wintoni-

464 3151 511 3210 ⁶12³
530 3152 762 3202 augustod.
806 3133 990 3197 ensis
1024 3134 1172 3198 sine
1205 3153 1333 3198 suo
1376 3153 1687 3213 assensu,
1716 3135 1837 3198 sed
1885 3141 1956 3199 et
1995 3135 2131 3199 alia
2176 3133 2508 3198 nonnulla
2554 3134 2703 3198 sine

803 3253 929 3299 suo
963 3234 1249 3299 consilio
1280 3235 1396 3317 agi
1427 3235 1879 3317 conspiceret,
1903 3234 2186 3317 indigne
2217 3234 2388 3300 satis
2419 3241 2491 3298 et
2516 3234 2700 3317 aegre

800 3335 986 3412 tulit,
1022 3335 1362 3417 cauteque
1390 3343 1645 3412 tamen,
1667 3343 1737 3400 et
1769 3335 2049 3399 versute
2095 3341 2345 3399 cuncta
2379 3335 2700 3398 dissimu-

796 3433 974 3510 lans,
1024 3433 1112 3498 ad
1174 3453 1376 3516 quem
1432 3434 1639 3497 finem
1700 3442 1931 3519 coepta
1999 3434 2401 3508 devenirent
2444 3435 2698 3499 tacitus

796 3533 1233 3597 observabat.

895 3630 1072 3697 Gum
1130 3633 1343 3714 igitur
1390 3634 1515 3698 illa
1564 3623 1897 3719 majorem
1957 3636 2088 3699 sibi
2148 3635 2344 3717 regni
2401 3640 2697 3717 partem,

791 3731 974 3797 datis
1007 3733 1387 3813 obsidibuS,
1419 3741 1699 3819 sumpto
1736 3743 1806 3800 et
1839 3738 1929 3800 ab
1957 3735 2349 3800 hominibus
2392 3735 2695 3800 hominio

790 3833 1069 3897 tandem
1111 3834 1531 3912 inclinasset,
1571 3843 1641 3900 et
1677 3837 1767 3900 ob
1813 3835 2046 3899 hocin
2089 3836 2474 3900 fastuosam
2510 3836 2696 3899 elata

787 3933 1118 3997 verticem
1167 3934 1535 4017 plurimum
1592 3955 1691 4013 se,
1721 3942 1801 4000 ut
1843 3937 2277 4018 praemissum
2324 3941 2453 4013 est,
2490 3943 2694 4000 extu-

784 4031 1001 4109 lisset,
1060 4052 1216 4096 cum
1267 4034 1602 4099 immenso
1658 4036 1952 4100 militum
2012 4043 2383 4120 apparatu,
2438 4043 2695 4117 rogatu

854 4179 875 4279 ζ
905 4183 1199 4248 Duchesne,
1222 4187 1239 4213 ‘
1257 4185 1472 4236 feudos!
1729 4201 1945 4301 'guagffi
1981 4188 2066 4237 the
2108 4189 2124 4215 ‘
2143 4189 2386 4238 Honour’
2408 4204 2518 4238 was
2561 4204 2692 4238 com-

903 4254 918 4281 ‘
937 4254 1206 4305 Honores!
1297 4257 1359 4305 In
1387 4256 1558 4306 feudal
1603 4257 1710 4307 lan·
1758 4258 1917 4320 posed
1939 4258 1997 4307 of
2013 4259 2208 4309 several
2229 4273 2446 4309 mauors.
