3167 5009
914 471 1042 536 128
1512 487 1740 536 esss'rA
1785 487 2170 548 srssrnANJ,

908 645 1096 726 quia,
1128 653 1206 708 ut
1235 643 1422 708 fama
1450 641 1792 708 adventus
1831 643 1894 726 ej
1905 662 1982 706 us
2027 662 2103 705 se
2131 641 2363 718 latiuS,
2399 642 2806 720 sicut-solet,

908 743 1341 819 diffunderet,
1372 742 1592 806 multa
1619 741 1882 807 scilicet
1902 742 2118 804 millia
2146 761 2379 804 secum
2410 741 2806 818 adduxisse,

907 843 1357 925 plurimorum
1394 842 1466 906 in
1513 842 1709 904 brevi
1759 840 2012 918 futura,
2062 841 2346 904 infinitae
2389 841 2607 921 copiae
2655 841 2803 904 the-

907 961 1153 1006 sauros
1212 961 1447 1004 secum
1513 940 1856 1016 attulisse,
1937 959 2119 1004 nunc
2181 939 2374 1002 illam
2447 939 2804 1021 depraeda-

906 1048 1051 1106 tam
1095 1041 1543 1123 provinciam,
1578 1058 1758 1103 nunc
1801 1039 2006 1104 istam
2055 1039 2527 1103 combustione
2558 1038 2802 1120 depas-

909 1149 1051 1204 tam
1108 1139 1594 1204 mentiebatur.
1719 1137 1916 1202 Laete
1983 1139 2196 1220 igitur
2264 1156 2468 1202 aures
2543 1137 2804 1217 arrige-

905 1240 1099 1315 bant,
1160 1247 1233 1303 et
1274 1238 1471 1320 quasi
1532 1256 1718 1302 nova
1762 1236 1862 1301 eis
1903 1237 2028 1300 lux
2086 1237 2238 1302 visa
2280 1244 2387 1301 est
2451 1236 2638 1312 oriri,
2680 1237 2802 1317 qui

904 1338 1038 1402 sibi
1098 1338 1685 1402 assentiebantur:
1752 1335 1936 1413 cum,
1986 1356 2026 1401 e
2097 1355 2457 1412 converso,
2507 1335 2804 1416 regales,

904 1438 1103 1518 quasi
1165 1437 1366 1518 gravi
1438 1435 1742 1518 depressi
1808 1435 2136 1513 tonitruo,
2192 1434 2547 1516 aliquanto
2625 1441 2797 1498 tem-

904 1555 1070 1616 pore
1115 1535 1656 1599 humiliarentur.
1777 1534 2065 1612 Verum,
2117 1541 2484 1617 postquam
2535 1541 2799 1598 certum

900 1634 1057 1711 fuit,
1118 1642 1190 1699 et
1239 1635 1312 1697 in
1356 1635 1660 1698 omnium
1719 1631 1967 1698 notitia
2016 1633 2378 1697 manifeste
2435 1632 2797 1697 diventila-

908 1740 1080 1810 tum,
1118 1733 1411 1797 militum
1454 1752 1611 1796 eum
1657 1732 1933 1814 globum
1983 1734 2337 1813 exiguum,
2383 1751 2520 1795 non
2564 1739 2796 1795 autem

899 1832 1282 1897 exercitum
1310 1832 1709 1909 adduxisse,
1739 1850 1857 1896 eos
1892 1833 2100 1896 etiam
2145 1831 2447 1895 nondum
2493 1832 2581 1893 ad
2625 1837 2795 1894 tem-

900 1950 1031 2012 pus
1072 1933 1251 2013 stipe
1293 1930 1481 2008 data,
1512 1931 1634 1995 sed
1664 1931 1736 1995 in
1765 1930 1998 1995 futuro
2029 1927 2368 2013 promissa
2397 1930 2794 2006 conductoS,

899 2030 1067 2093 nihil
1104 2031 1458 2112 egregium
1505 2030 1758 2106 facere,
1788 2030 1910 2094 sed
1959 2031 2103 2095 otio
2151 2049 2442 2112 semper,
2479 2035 2550 2093 et
2577 2028 2794 2110 negli-

901 2131 1155 2208 gentiae
1214 2131 1445 2192 omnia
1500 2129 1689 2206 dare,
1751 2136 2028 2211 recepto
2083 2129 2313 2193 animo
2371 2129 2639 2192 fortiter
2696 2130 2795 2192 eis

576 2247 643 2284 He
675 2246 712 2286 is
739 2256 802 2284 re-
901 2227 1158 2309 ubique
1200 2235 1272 2292 et
1316 2235 1715 2292 constanter
1742 2229 2164 2293 restiterunt.
2263 2227 2452 2306 Quia
2495 2227 2653 2292 cum
2703 2229 2793 2291 ad

574 2296 852 2384 ’ἐῗῑιῖἓῗιὲῗφ
898 2326 1249 2390 civitatem
1296 2325 1799 2404 Cricheladam,
1839 2335 1910 2392 et
1953 2328 2042 2392 ad
2094 2328 2563 2409 municipium,
2607 2329 2792 2408 quod

574 2397 657 2435 ⁸¹¹⁶
672 2397 876 2435 mmm
903 2423 1241 2489 Burtuna¹
1272 2426 1545 2503 dicitur,
1570 2446 1726 2508 quae
1748 2435 1910 2490 tunc
1937 2427 2108 2508 regii
2139 2426 2568 2490 habebantur
2586 2425 2792 2509 juriS‚

895 2525 1092 2605 quasi
1136 2522 1448 2601 interiuS,
1491 2525 1640 2589 sine
1683 2525 2065 2602 obstaculo,
2097 2525 2426 2607 irrupturi
2474 2525 2789 2589 advenis-

896 2630 1073 2700 sent,
1105 2623 1286 2701 hinc,
1324 2644 1481 2687 cum
1521 2623 1853 2688 dedecore
1884 2624 2193 2705 effugati,
2226 2623 2407 2701 inde,
2439 2632 2624 2688 metu
2669 2644 2790 2688 eos

898 2721 1048 2800 abis:
1060 2729 1238 2799 ente,
1270 2722 1513 2786 festine
1546 2723 1738 2787 fuere
1767 2723 2098 2806 propulsi.
2205 2723 2356 2788 Nec
2385 2721 2603 2787 multo
2632 2724 2793 2805 post

899 2822 1159 2901 regiam
1188 2820 1442 2903 saepius
1460 2823 1731 2903 experti
1755 2823 2107 2899 virtutem,
2143 2869 2494 2887 ......
2543 2823 2792 2904 perior,

896 2938 973 2980 se
1029 2919 1225 2983 fieret
1272 2920 1530 3000 ubique
1576 2921 2028 2998 constantior,
2069 2922 2249 2985 sicut
2293 2921 2672 3003 improvide
2717 2931 2789 2988 et

894 3017 1256 3082 indiscrete
1288 3017 1617 3100 Angliam
1665 3067 2017 3083 ......
2069 3019 2338 3097 inertia,
2368 3029 2438 3086 et
2479 3022 2621 3085 otio
2655 3021 2790 3085 dis-

893 3116 1127 3194 soluti,
1172 3116 1459 3200 penuria
1508 3126 1579 3182 et
1637 3127 1944 3200 egestate
2008 3120 2329 3197 convicti,
2388 3121 2666 3202 egregio
2716 3122 2789 3184 in

898 3262 1247 3280 ......
1296 3237 1424 3281 suo
1460 3224 1530 3282 et
1574 3217 1771 3300 justo
1805 3219 2018 3284 totius
2064 3219 2258 3300 regni
2304 3219 2598 3295 haerede,
2628 3239 2788 3284 cum

893 3333 1031 3396 quo
1071 3316 1517 3394 advenerant,
1548 3317 1901 3393 derelictO,
1935 3364 2284 3382 ......
2329 3319 2608 3382 tandem
2651 3319 2786 3383 dis-

892 3422 1263 3478 cesserunt.
1369 3415 1415 3478 J
1424 3435 1645 3480 uvene
1685 3416 1984 3498 quidem,
2017 3417 2142 3481 tali
2178 3417 2543 3499 ingruente
2572 3417 2787 3482 infor-

891 3513 1107 3589 tunio,
1143 3531 1255 3576 mo
1322 3559 1608 3578 .....
1677 3513 1876 3592 affici,
1907 3517 2188 3597 pudoris
2223 3524 2293 3581 et
2330 3517 2600 3602 iujuriae
2629 3539 2786 3584 cru—

890 3610 1079 3674 ciatu
1111 3612 1485 3677 macerari:
1538 3613 1696 3678 hinc
1727 3615 1892 3695 quia
1920 3615 2094 3680 fidos
2123 3617 2217 3679 mi
2250 3663 2609 3684 ......
2643 3639 2791 3682 ma·-

884 3840 995 3874 was
1031 3827 1265 3891 brought,
1298 3828 1341 3876 it
1372 3843 1608 3892 appears,
1637 3831 1704 3892 by
1727 3831 1811 3880 the
1859 3830 2119 3893 thirty-six
2145 3835 2259 3895 sass,
2281 3835 2383 3884 and
2403 3850 2436 3884 a
2456 3837 2596 3901 large
2629 3853 2793 3902 amy,

884 3895 1008 3944 Earl
1024 3898 1082 3946 of
1097 3896 1414 3960 Gloucester,
1431 3900 1499 3959 by
1514 3901 1812 3960 permission
1860 3901 1979 3949 took
2019 3903 2338 3966 Malmsbury
2377 3920 2441 3954 on
2478 3907 2563 3957 the
2598 3924 2689 3958 eve
2739 3913 2800 3959 of

884 3964 943 4012 of
974 3966 1059 4014 the
1099 3965 1266 4015 Count
1300 3967 1359 4015 of
1382 3967 1572 4031 Anjou‚
1599 3969 1693 4017 but
1725 3985 1812 4017 no-
1859 3970 1944 4018 the
2013 3972 2302 4035 Epiphany,
2378 3977 2479 4023 and
2549 3978 2792 4041 besieged

884 4033 1027 4095 thing
1060 4036 1107 4083 is
1144 4036 1258 4084 said
1306 4037 1373 4096 by
1414 4036 1515 4085 this
1568 4038 1813 4087 historian
1862 4039 2182 4090 Crowmarsh
2254 4058 2376 4092 near
2434 4047 2790 4109 wallingford.

884 4102 944 4150 of
969 4117 1069 4163 any
1101 4104 1235 4153 force
1272 4105 1487 4168 brought
1525 4108 1652 4156 with
1692 4107 1811 4158 him.
1863 4110 1991 4171 Rog.
2015 4110 2078 4159 de
2103 4112 2282 4162 Wend.
2307 4117 2422 4164 254.
2445 4129 2496 4165 Α.
2515 4129 2565 4166 n.
2586 4121 2733 4168 1⁰53.

886 4171 1055 4234 Roget
1120 4173 1178 4222 of
1224 4175 1508 4224 Wendover
1571 4191 1691 4238 says
1749 4178 1812 4226 he

884 4255 1025 4290 came
1058 4246 1110 4291 to
1133 4244 1367 4306 England
1389 4245 1513 4294 with
1549 4260 1582 4294 a
1614 4247 1730 4295 fleet
1764 4247 1820 4294 oi*
1931 4245 1949 4278 ²
1985 4249 2228 4300 Bourton.
