3167 5009
828 463 959 526 100
1461 476 1690 524 csssu
1737 475 2121 537 s'rEPnAm‚

833 633 1023 715 pacis
1054 631 1485 698 adversarios
1524 632 1822 716 elipeum
1863 631 2272 698 defensionis
2301 630 2578 699 tandem
2609 654 2733 718 op.-

510 755 594 798 m·
610 753 775 808 opponi·
834 734 1085 817 posuit.
1172 731 1351 796 Cum
1394 733 1574 796 enim
1606 732 2039 797 Herefordiae
2073 752 2302 799 comes
2339 734 2428 798 ad
2473 735 2733 798 condu-

511 808 601 847 tlon
628 811 673 846 to
688 805 763 845 the

510 856 815 947 ffiffiqefm
836 833 1144 909 cendam,
1176 852 1385 913 quam
1427 833 1759 898 adversus
1797 852 2029 915 regem
2061 831 2521 916 congregarat
2562 834 2740 898 mili-

513 955 816 998 ariorum·
838 932 1033 1010 tiam,
1063 952 1200 996 aere
1227 932 1521 1014 plurimo
1567 931 1930 1013 indigeret,
1961 952 2160 997 novae
2197 933 2581 998 exactionis
2615 936 2736 998 tri-

512 1008 621 1048 ‘m‘
837 1035 1009 1098 buta
1035 1033 1165 1096 sub
1198 1033 1306 1096 sui
1342 1031 1622 1098 dominii
1663 1031 1840 1116 jugo
1868 1032 2190 1097 redactas
2225 1033 2552 1099 ecclesias
2588 1034 2737 1097 red-

838 1131 1001 1198 dere
1036 1131 1286 1213 coegit,
1305 1130 1669 1215 ipsumque
1699 1130 2129 1196 Herefordiae
2159 1132 2525 1214 praesulem
2555 1132 2737 1212 hinc,

830 1231 1013 1317 jure,
1060 1237 1138 1295 ut
1198 1230 1333 1296 sibi
1382 1231 1768 1308 videbatur,
1833 1231 2242 1312 astringenS,
2293 1231 2478 1310 inde,
2537 1233 2738 1298 minis

839 1331 912 1396 ni
970 1330 1445 1414 adquiesceret
1498 1332 1911 1408 absterrens,
1968 1330 2297 1416 injunctae
2357 1333 2738 1416 tyrannidis

843 1450 1093 1496 munus
1148 1431 1435 1496 reddere
1496 1430 1872 1513 postulavit
1897 1429 2299 1513 3—cumque
2357 1431 2556 1498 illum
2602 1433 2736 1498 fre-

844 1529 1169 1613 quentius
1212 1537 1511 1612 urgeret,
1540 1530 1927 1613 episcopus,
1956 1528 2176 1596 libera
2213 1531 2459 1609 fronte,
2478 1542 2548 1596 et
2576 1552 2740 1599 con-

842 1631 1057 1694 stanti
1098 1629 1329 1695 animo
1374 1631 1767 1712 persolvere
1815 1630 2168 1713 postulata
2209 1632 2599 1713 abnegavit,
2632 1653 2743 1696 as-

842 1748 1079 1796 serens
1122 1749 1233 1796 res
1278 1730 1803 1807 ecclesiasticas,
1834 1750 1958 1812 per
1999 1731 2152 1814 pias
2203 1730 2472 1798 devotae
2519 1732 2738 1814 plebis

850 1828 1254 1908 oblationeS,
1292 1829 1499 1894 altari
1533 1830 1949 1912 assignatas,
1985 1829 2057 1893 in
2092 1829 2314 1913 ipsius
2337 1831 2471 1896 Dei
2507 1852 2738 1910 manu,

846 1928 936 1998 ad
988 1929 1295 1996 ecclesiae
1347 1930 1708 1994 servitium
1753 1929 2088 2013 perpetuo
2129 1931 2583 2014 mancipatas,
2614 1953 2741 1996 nec

846 2030 1180 2096 secularis
1241 2049 1549 2113 personae
1607 2048 1760 2095 esse
1818 2028 2136 2107 officium,
2181 2030 2340 2114 plus
2397 2029 2608 2113 quam
2665 2031 2743 2100 in

846 2136 1125 2194 sanctae.
1148 2129 1317 2212 ipsis
1362 2129 1672 2196 ecclesiae
1714 2130 1920 2194 rebus
1962 2129 2448 2214 quoquomodo
2491 2131 2754 2198 inferre-

848 2228 1246 2307 dominium,
1289 2228 1523 2312 sicque
1571 2249 1696 2312 per
1737 2227 2106 2294 earundem
2149 2229 2598 2314 direptionem
2639 2232 2746 2296 in-

851 2347 1124 2392 currere
1168 2329 1630 2411 sacrilegium,
1665 2336 1996 2414 tanquam
2039 2328 2113 2392 in
2153 2329 2307 2412 ipso
2351 2331 2506 2412 quis
2539 2331 2751 2398 altari·

526 2474 763 2514 Thmtm
853 2427 1300 2507 exercuisset,
1330 2429 1788 2494 commissum.
1894 2428 2360 2508 Quamobrem
2391 2437 2515 2495 aut
2547 2450 2591 2495 a
2623 2452 2742 2494 ne-

527 2524 774 2615 }ffigssffi,
852 2526 1026 2595 faria
1055 2530 1590 2613 praesumptione
1617 2549 1715 2608 se,
1746 2537 1817 2594 et
1849 2547 2010 2594 suos
2045 2537 2332 2608 arceret,
2363 2538 2485 2594 aut
2512 2530 2746 2612 gladio

529 2625 733 2666 ”¹⁰⁸¹02·
856 2629 1314 2694 anathematis
1342 2648 1442 2707 se,
1472 2636 1544 2695 et
1576 2648 1762 2708 suos,
1790 2630 2267 2694 incunctanter
2295 2630 2713 2713 percelleret.

530 2749 622 2790 The
642 2749 822 2791 nnun-
956 2729 1162 2794 Talia
1214 2729 1539 2813 episcopo
1592 2737 2074 2812 prosequente,
2117 2729 2526 2794 furibundus
2566 2731 2744 2798 Milo

528 2800 761 2902 ἷῗιῗιῗρῖῗέῗ
851 2829 925 2894 in
975 2830 1150 2894 iram
1211 2830 1499 2907 exarsit,
1553 2829 1941 2912 missisque,
1993 2829 2113 2913 qui
2163 2849 2357 2912 opes,
2409 2838 2480 2895 et
2525 2838 2748 2896 terras

852 2929 1186 3012 episcopi,
1228 2928 1643 3011 ubicumque
1692 2934 1948 3005 essent,
1993 2929 2426 3007 invaderent,
2473 2949 2756 3002 omnem,

532 3041 624 3082 The
641 3042 801 3094 Biehop
850 3028 922 3091 in
962 3027 1064 3092 eis
1094 3026 1694 3111 depopulationem
1729 3029 1988 3110 exegit.
2089 3029 2479 3112 Episcopus
2512 3030 2752 3113 igitur,

530 3102 793 3142 pronounces

524 3145 799 3234 :gucgffluqf
852 3128 1038 3196 clero
1070 3128 1145 3194 in
1189 3148 1399 3193 unum
1431 3137 1848 3196 conventum
1889 3128 2074 3196 haud
2118 3131 2475 3212 pigranter
2504 3131 2750 3209 ascito,

531 3243 807 3334 niffiggtnmm
855 3230 1289 3294 metuendam
1325 3228 1816 3296 ecclesiasticae
1841 3229 2301 3312 percussionis
2333 3231 2749 3297 sententiam

532 3303 793 3434 §gg-101·
853 3329 926 3394 in
980 3329 1342 3406 Milonem,
1406 3348 1694 3411 suaeque
1761 3329 2172 3396 temeritatis
2257 3330 2750 3412 astipulatores

684 3421 696 3433 ’
858 3428 1173 3508 dictavit,
1206 3448 1616 3512 omnemque
1649 3427 2183 3512 circumquaque
2220 3428 2330 3494 sui
2365 3429 2545 3513 juris
2588 3450 2749 3513 pro-

534 3559 627 3598 'rne
644 3556 809 3599 ‹1100020
858 3529 1155 3596 vinciam
1188 3529 1261 3602 in
1295 3527 1568 3593 tantum
1605 3529 1965 3593 sententiae
2002 3528 2232 3611 rigore
2270 3531 2653 3607 restrinxit,
2673 3538 2752 3596 ut

532 3609 777 3704 1:253?
856 3647 985 3694 nec
1030 3627 1245 3692 divini
1296 3626 1525 3694 cultus
1574 3625 1871 3694 officium
1915 3629 2284 3706 celebrare,
2328 3649 2454 3694 nec
2499 3648 2752 3714 corpus

855 3727 1069 3793 humo
1117 3727 1493 3810 imponere,
1547 3728 1660 3794 vel
1713 3725 1902 3810 aqua
1950 3727 2379 3811 immergere,
2427 3728 2541 3795 vel
2591 3730 2756 3812 igne

856 3847 1281 3905 consumere,
1310 3826 1434 3892 sed
1478 3847 1605 3894 nec
1650 3847 1694 3892 a
1727 3827 1908 3906 loco,
1940 3847 2080 3910 quo
2125 3829 2494 3910 expiravit,
2539 3828 2758 3898 dimo-

856 3947 1018 3994 vere
1078 3928 1337 4004 liceret,
1399 3937 1758 4009 quousque
1819 3927 2098 3992 tandem
2163 3927 2510 4010 sacrilegii
2575 3949 2758 4012 prae-

854 4036 1191 4110 sumptor.
1221 4028 1559 4106 omnibUS,
1591 4047 1747 4110 quae
1776 4027 2078 4110 diripuit,
2102 4046 2320 4110 usque
2351 4027 2440 4096 ad
2471 4029 2761 4094 novissi-

854 4147 1041 4196 mum
1082 4127 1555 4209 quadrantem,
1585 4126 2100 4212 fideiussoribus
2127 4127 2572 4210 interpositiS,
2602 4129 2760 4196 red·-

852 4227 1035 4308 ditis,
1070 4227 1493 4314 poenitentioe
1526 4227 1999 4297 satisfactione
2032 4226 2120 4292 ad
2157 4227 2523 4298 ecclesiam
2566 4248 2763 4304 revo-
