3167 5009
1016 471 1229 520 amns
1273 472 1709 522 ΑΝαιοιωΜ.
2218 461 2305 526 57

394 627 713 692 sentienti
765 626 1049 692 dubium
1096 635 1388 705 constat,
1433 637 1505 693 et
1547 648 1828 711 prorsus
1886 629 2302 709 incredibile,

394 737 473 793 ut
534 728 747 792 frater
800 729 993 809 regni
1065 727 1349 791 fraterni
1404 729 1794 792 invasorem
1850 750 2008 794 cum
2066 733 2303 797 osculo

392 829 792 910 susciperet,
823 845 1117 909 eumque
1146 845 1191 891 a
1219 846 1347 891 suo
1378 836 1746 910 prospectu
1791 829 1879 894 ad
1907 850 2201 911 regnum
2229 834 2300 896 in

393 927 674 991 fratrem
704 925 989 1008 gravius
1017 927 1555 1009 promovendum
1582 926 1876 991 illaesum
1905 928 2300 995 dimitteret.

396 1026 781 1109 Episcopus
848 1026 1107 1108 itaque,
1166 1027 1367 1108 quasi
1416 1027 1665 1090 comite
1721 1046 1861 1090 non
1909 1037 2300 1106 consecuto,
2325 1049 2450 1089 som·
2467 1051 2541 1112 tuq

394 1145 553 1190 cum
604 1123 825 1190 multa
872 1126 1291 1208 equestrium
1349 1127 1718 1190 ambitione
1773 1147 2008 1208 regem
2067 1129 2302 1193 adivit.
2327 1100 2563 1190 ffl3ssss.¹¹¹⁸

396 1223 713 1308 cumque
780 1225 1371 1289 animadvertisset
1440 1245 1674 1306 regem
1739 1227 1827 1290 ad
1885 1227 2304 1292 obsidionem

392 1322 835 1405 ingerendam
863 1325 1167 1388 animum
1195 1322 1617 1402 obfirmasse,
1647 1326 1888 1390 inutile
1917 1327 1987 1390 id
2018 1336 2089 1391 et
2116 1327 2303 1392 inac-

396 1431 671 1506 ceptum
709 1430 853 1487 tam
896 1425 1051 1500 sibi,
1093 1421 1301 1505 quam
1334 1443 1548 1506 regno
1582 1425 1682 1490 ait
1725 1445 1875 1490 esse
1921 1426 2303 1493 consilium.

396 1521 474 1584 Si
518 1523 699 1588 enim
750 1543 839 1586 ex
892 1521 1035 1586 una
1076 1521 1353 1604 Angliae
1402 1524 1682 1604 regione
1727 1523 2304 1606 Andegavensem

399 1622 819 1686 comitissam
870 1622 1180 1687 obsidere
1230 1621 1646 1704 disponeret,
1694 1643 2062 1704 germanus
2119 1625 2305 1690 illius

398 1721 487 1784 ad
516 1742 807 1802 regnum
846 1720 1387 1803 perturbandum
1432 1739 1523 1786 ex
1576 1719 1718 1786 alia
1767 1721 1978 1805 quam
2015 1724 2304 1790 festinus

396 1829 595 1902 parte
634 1821 1065 1901 insurgeret3
1109 1820 1401 1902 ideoque
1443 1821 1824 1886 consultius
1867 1823 1999 1886 sibi
2033 1843 2205 1899 esse,
2237 1832 2308 1889 et
2328 1842 2397 1883 He
2413 1854 2507 1892 per-

398 1938 611 2001 regno
662 1920 1029 1997 salubrius,
1060 1926 1139 1984 ut
1177 1920 1399 2002 ipsam
1444 1919 1533 1984 ad
1578 1919 1860 1984 fratrem
1903 1922 2135 1986 damni
2177 1923 2304 1986 im·
2329 1893 2576 1990 ffi‘io‘h⁰

400 2038 675 2082 munem
722 2019 1042 2102 progredi
1094 2019 1539 2101 permitteret,
1589 2020 1915 2101 quatinus
1974 2023 2310 2087 ambobus
2329 1993 2600 2082 ἒῗῖἶῖἔῗὲω

398 2137 557 2182 cum
589 2120 849 2184 viribus
892 2119 1037 2182 suis
1077 2118 1151 2182 in
1191 2118 1419 2183 locum
1448 2139 1661 2182 unum
1692 2120 2010 2198 redactis,
2042 2128 2112 2188 et
2140 2122 2306 2187 faci·
2327 2091 2592 2231 ἷιὲἓιιιῖῗιιιο

396 2217 533 2282 lius
579 2219 668 2282 ad
720 2238 955 2282 eorum
999 2217 1411 2282 cassandum
1454 2226 1780 2284 conatum
1807 2221 2210 2298 intenderet,
2239 2232 2310 2287 et
2437 2219 2446 2232 '

398 2317 489 2382 ad
537 2337 655 2382 eos
714 2316 997 2399 gravius
1055 2317 1511 2400 insequendos
1576 2338 1734 2382 cum
1793 2320 2106 2384 omnibus
2165 2323 2308 2386 suis

400 2415 789 2499 expeditius
848 2425 1049 2482 esset.
1174 2417 1379 2481 Datis
1438 2417 1650 2497 igitur
1707 2418 1992 2494 dextris,
2052 2428 2122 2483 et
2177 2423 2308 2484 sub

390 2515 845 2600 jurejurando
891 2516 1193 2598 acceptis
1248 2516 1562 2593 induciiS,
1609 2517 1698 2580 ad
1757 2517 2038 2581 fratrem
2096 2521 2305 2584 comi-

399 2616 641 2680 tissam
689 2616 1004 2682 secedere
1056 2617 1403 2698 permisit:
1449 2616 1647 2680 tanto
1686 2615 1968 2680 liberius
2019 2637 2138 2682 eos
2182 2640 2304 2683 ex-

400 2735 711 2798 pugnare
754 2715 1122 2792 confidem,
1168 2716 1445 2797 quando
1474 2716 1546 2779 in
1578 2735 1788 2780 unam
1820 2717 2117 2798 regionis
2145 2739 2304 2801 par-

400 2822 541 2879 tem
592 2816 793 2879 ambo
842 2815 1348 2896 redigebantur.
1456 2814 1573 2878 Illi
1620 2816 1914 2898 denique
1960 2817 2305 2882 Bristoam
2330 2833 2422 2871 ’rho
2443 2835 2543 2872 Em

400 2915 803 2979 adventanti
846 2933 1081 2978 omnes
1124 2916 1318 2996 regni
1361 2916 1654 2978 barones
1688 2915 2063 2980 adventum
2105 2936 2306 2981 suum
2331 2884 2635 3023 ffiffifftm

398 3014 799 3091 certificare,
858 3022 937 3078 ut
994 3014 1093 3076 eis
1148 3013 1481 3079 intentius
1538 3015 1978 3080 subvenirent
2045 3017 2180 3098 pie,
2239 3026 2310 3082 et
2494 3010 2504 3022 '

401 3113 783 3197 lacrymose
856 3114 1244 3196 deposcere,
1317 3113 1453 3176 illis
1526 3114 1778 3178 exenia
1847 3113 2099 3192 danda,
2155 3117 2308 3180 istis

400 3214 663 3296 praedia
726 3212 1208 3296 amplificanda
1271 3213 1706 3295 promittere3
1772 3214 2088 3277 omnibus
2145 3215 2308 3279 vero

402 3322 607 3396 prout
636 3321 906 3395 poterat
933 3313 1249 3376 omnibus
1278 3312 1652 3376 commodis
1683 3312 1771 3376 ad
1804 3319 2038 3376 votum
2067 3332 2306 3377 occur-

399 3433 571 3477 rere.
679 3413 935 3477 Omnes
987 3411 1223 3493 itaque
1280 3410 1553 3475 illorum
1612 3411 1941 3488 fautores,
1984 3413 2104 3494 qui
2161 3415 2308 3495 regi
2332 3429 2450 3479 They
2466 3441 2539 3470 ue

402 3521 630 3588 antea,
670 3512 828 3576 ficte
870 3519 1099 3576 tamen
1150 3517 1221 3574 et
1266 3510 1503 3574 dolose
1548 3510 2051 3588 deserviebant,
2102 3521 2307 3596 rupto
2327 3479 2574 3619 {3³:¹25ssss

392 3611 791 3695 juramenti,
839 3617 908 3675 et
935 3609 1217 3674 hominii
1246 3609 1525 3686 foedere,
1556 3611 1741 3692 quod
1786 3613 1850 3675 ei
1880 3612 2306 3694 pepigerant,
2331 3592 2386 3630 ⁹⁰
2451 3589 2506 3620 η’

403 3711 492 3774 ad
537 3712 693 3777 illos
737 3711 1340 3786 convertebantur,
1372 3710 1858 3793 conjunctique
1887 3730 2026 3774 uno
2057 3712 2306 3788 animm

403 3809 544 3874 una
574 3819 644 3876 et
671 3810 1175 3892 conspiratione
1204 3809 1293 3872 ad
1324 3808 1792 3872 obsistendum
1822 3810 1969 3890 regi
2001 3812 2307 3887 animati,

402 3909 991 3974 vehementissime
1019 3910 1091 3972 in
1121 3928 1278 3972 eum
1307 3909 1562 3990 ubique
1592 3907 1988 3972 irruebant.¹

474 4078 489 4107 ¹
526 4075 607 4125 cf.
655 4075 793 4125 will.
831 4076 891 4123 of
922 4075 1163 4125 Malmsb.
1213 4079 1328 4124 ⁷24.
1378 4075 1550 4123 march
1599 4077 1653 4123 to
1691 4075 1879 4124 Bristol
1919 4089 2005 4124 are
2045 4076 2194 4137 given
2239 4077 2306 4137 by

398 4146 593 4195 Robert
617 4146 819 4194 arrived
856 4145 909 4192 in
933 4145 1169 4207 England
1206 4145 1328 4206 Sep·
1380 4145 1606 4193 william
1619 4146 1682 4193 of
1692 4145 2029 4206 Malmsbury,
2041 4145 2160 4194 who
2176 4159 2307 4197 com·

398 4209 592 4266 'tember
616 4220 661 4266 1.
716 4215 825 4264 The
847 4217 1152 4278 particulare
1176 4215 1235 4264 of
1249 4214 1329 4265 his
1377 4229 1527 4278 pares
1548 4213 1654 4263 him
1678 4220 1728 4263 to
1751 4215 1927 4264 Julius
1949 4214 2141 4264 Caesar.
