3167 5009
991 493 1202 543 umus
1255 494 1400 541 ,mc
1411 493 1688 541 nonen.
2212 477 2299 541 19

387 648 594 726 Quod
625 654 696 712 et
729 649 880 730 ipse
928 649 1128 714 hilari
1157 650 1460 733 quidem,
1491 658 1566 715 et
1605 651 1951 716 arridente
1983 650 2179 716 vultu
2215 652 2284 714 in
2312 666 2405 706 Τιιο
2420 667 2521 715 plan
2562 668 2609 706 of

383 748 594 811 curiae
627 756 1001 830 conspectu
1037 751 1417 822 concessit;
1497 750 1617 813 sed
1664 752 1733 814 in
1772 751 2003 814 animo
2047 750 2285 815 dolose
2304 717 2607 856 ffiffissnssm.

385 849 733 924 versabat,
780 848 1124 930 quomodo
1167 856 1239 913 et
1287 849 1474 930 regis
1507 849 1763 920 milites
1816 849 2165 926 seducere,
2214 859 2287 915 et

384 965 541 1028 quae
571 948 832 1029 proprii
861 947 1316 1029 possidebat
1285 948 1468 1032 Juris
1491 955 1729 1030 posset
1756 948 2073 1013 retinere.
2108 948 2283 1013 cum

385 1045 602 1126 igitur
657 1046 730 1109 in
785 1046 1032 1111 itinere
1078 1047 1340 1128 pariter
1390 1048 1764 1130 progressi,
1806 1047 1894 1111 ad
1943 1049 2287 1129 quandam
2328 1083 2337 1087 -

381 1144 602 1226 ipsius
656 1146 951 1210 Roberti
997 1146 1234 1210 villam
1278 1146 1674 1228 hospitandi
1707 1143 1937 1228 gratia
1969 1147 2288 1211 divertis-

385 1250 566 1320 sent,
614 1244 764 1327 ipso
807 1244 1119 1309 Roberto
1163 1246 1340 1309 duce
1385 1245 1686 1323 illorum,
1744 1252 1817 1309 et
1864 1247 2289 1328 praeambulo

383 1344 752 1420 existente,
787 1363 1026 1408 omnes
1072 1342 1318 1408 domus
1351 1362 1500 1408 suae
1544 1343 1899 1409 ministros
1934 1346 2005 1408 in
2049 1364 2285 1409 eorum

385 1444 892 1525 susceptionem
953 1450 1313 1524 gratanter
1372 1444 1731 1520 excitavit,
1790 1443 2286 1527 splendidoque

383 1542 742 1655 epularum
801 1550 1146 1624 apparatu
1205 1542 1520 1607 omnibus
1559 1541 1832 1606 abunde
1872 1542 2285 1620 convivetis,

388 1641 550 1704 vino
579 1642 787 1705 etiam
819 1642 1235 1723 largissimO,
1259 1649 1329 1706 et
1355 1661 1596 1705 somno
1632 1645 1703 1707 in
1726 1649 1933 1706 nocte
1966 1643 2281 1723 sepultiS,

381 1740 530 1822 ipse
592 1760 846 1822 equum
905 1741 1282 1805 ascendens
1333 1740 1571 1805 ab‘eis
1638 1740 1890 1805 furtive
1939 1741 2280 1817 discessit,
2305 1755 2372 1793 He
2386 1756 2615 1844 make-3⁸⁸

381 1858 646 1921 suoque
689 1839 1062 1921 municipio
1091 1849 1334 1905 contra
1375 1860 1607 1921 regem
1642 1839 1847 1904 valde
1893 1840 2281 1916 obfirmate,
2304 1856 2347 1893 fo
2302 1816 2509 1893 mffiss'?
2498 1856 2564 1895 ιι·

385 1956 570 2002 nunc
602 1938 759 2015 huc,
794 1958 978 2003 nunc
998 1939 1187 2016 illuc,
1222 1959 1346 2022 per
1377 1940 1641 2002 incerta
1666 1939 1960 2003 latibula
1993 1958 2281 2019 vagans,
2303 1909 2419 1944 ’m’
2421 1905 2478 1953 ⁸¹¹
2480 1906 2563 1944 ⁰¹⁶

384 2036 798 2119 quandoque
849 2039 1058 2102 etiam
1121 2057 1277 2101 cum
1343 2037 1528 2120 regis
1579 2038 1873 2101 inimicis
1948 2036 2281 2101 adversus

383 2156 542 2201 eum
591 2137 1025 2203 inimicanter
1078 2156 1316 2218 agenS,
1364 2137 1706 2201 horrendo
1754 2136 2038 2201 tandem
2084 2138 2277 2201 exitu
2304 2150 2387 2191 His
2404 2151 2547 2191 death·

381 2236 565 2300 inter
619 2243 986 2301 extraneos
1017 2237 1387 2319 expiravit.
1491 2236 1629 2299 Sed
1668 2237 1852 2317 regis
1902 2235 2155 2299 milites
2206 2237 2281 2299 in

385 2335 689 2399 crastino
749 2335 1244 2417 expergefacti,
1291 2343 1370 2399 ut
1403 2335 1839 2399 consodalem
1885 2342 2027 2398 tam
2062 2334 2281 2415 negli-

387 2441 632 2515 genter
647 2433 972 2499 amissum
1011 2436 1486 2510 adverterunt,
1510 2433 1879 2516 plurimum
1912 2434 1998 2497 de
2024 2428 2281 2497 disces-

385 2533 580 2597 sione
613 2533 800 2597 illius
835 2534 1128 2610 confusi,
1156 2534 1334 2598 sicut
1365 2534 1514 2597 sine
1551 2533 1885 2608 Robert0,
1902 2532 2007 2596 ita
2030 2539 2101 2595 et
2130 2533 2281 2595 sine

386 2633 670 2709 honore,
681 2632 768 2696 ad
793 2634 1054 2697 curiam
1081 2632 1452 2697 redierunt.
1500 2631 1813 2696 Audiens
1840 2630 2133 2713 denique
2156 2650 2279 2695 rex
2303 2644 2558 2735 ξιιωιιξέξεῖο

385 2731 792 2796 seditionem
811 2733 996 2796 circa
1015 2732 1557 2797 Batthentonam
1579 2750 1733 2795 esse
1749 2739 2087 2807 exortam,
2102 2730 2283 2805 (mu-
2305 2744 2341 2782 B
2344 2745 2431 2783 am

385 2831 647 2913 nicipes
683 2851 982 2913 namque
1005 2831 1346 2896 Roberti
1325 2851 1510 2913 lgne,
1539 2838 1611 2895 et
1641 2828 1886 2912 rapina
1918 2830 2284 2894 saevientes

387 2949 700 2995 escarum
748 2950 952 2994 omne
1003 2931 1432 3013 suffragium,
1491 2930 1753 2995 viribus
1807 2929 2285 3011 undecumque

387 3030 600 3094 illatis
650 3030 1018 3111 direptum,
1051 3030 1123 3094 in
1163 3029 1524 3093 castellum
1551 3025 2053 3111 congerebant)
2086 3026 2291 3110 pulsa

389 3130 706 3212 protinus
762 3128 1114 3206 dilatione,
1170 3128 1437 3211 potenti
1485 3148 1647 3192 cum
1694 3135 2116 3191 armatorum
2168 3146 2287 3190 ex-

389 3228 736 3310 peditione
800 3228 968 3293 illuc
1025 3228 1336 3292 tetendit.
1439 3226 1601 3304 Quo
1660 3224 1817 3289 cum
1880 3233 2286 3307 perventum
2311 3239 2457 3328 Thtehs·
2447 3250 2536 3288 mse
2553 3240 2600 3278 of

393 3334 600 3403 esset,
665 3326 824 3389 fixis
887 3328 1072 3390 circa
1134 3326 1498 3390 castellum
1565 3324 1837 3397 castris,
1904 3324 2287 3404 sagittariis

391 3427 598 3491 etiam
664 3425 753 3489 ad
821 3426 1300 3491 excubandum
1345 3431 1548 3489 nocte
1602 3422 1978 3505 dispositis,
2012 3422 2171 3485 aliis
2201 3423 2289 3486 ad

389 3525 854 3588 insidiandum
912 3526 982 3588 in
1041 3526 1150 3589 die
1214 3525 1571 3601 ordinatiS,
1618 3523 1708 3586 ad
1784 3521 2293 3603 expeditionem

394 3632 919 3706 perseveranter
951 3625 1372 3688 inferendam
1411 3642 1538 3687 rex
1571 3641 1729 3686 cum
1762 3621 1951 3685 omni
1982 3620 2292 3683 exercitu

393 3723 687 3787 viriliter
719 3743 796 3787 se
833 3724 1158 3787 accinxit.
1223 3724 1376 3788 Nec
1410 3742 1627 3798 mora,
1657 3721 1821 3783 dum
1852 3720 2292 3782 excubitores

393 3821 727 3885 intentius
784 3830 1220 3903 pernoctant,
1289 3825 1611 3887 miserum
1682 3817 2174 3882 homunculum
2250 3836 2297 3880 a

397 3940 593 3984 muro
614 3921 1012 3997 demissum,
1029 3921 1404 4003 fugamque
1431 3918 1909 3984 consulentem
1937 3924 2294 3997 ceperunt,

395 4020 840 4101 oblatumque
896 4020 1046 4100 regi
1090 4021 1159 4083 in
1213 4020 1514 4083 omnium
1571 4037 1854 4081 suorum
1890 4015 2110 4080 oculis
2155 4013 2297 4077 alte

396 4119 940 4201 suspenderunt3
989 4138 1152 4201 rege
1188 4116 1595 4193 affirmante,
1638 4117 1763 4180 tali
1798 4133 2034 4178 omnes
2081 4115 2296 4176 exitio

397 4217 807 4300 puniendos,
839 4218 909 4281 ni
952 4217 1251 4300 jussioni
1283 4236 1430 4279 suae
1457 4216 1705 4279 festine
1746 4215 2295 4297 adquiescenteS,

1918 4336 1948 4369 c
1981 4326 2014 4371 2
