3167 5009
873 474 962 538 86
1510 487 1738 535 osss‘m
1791 487 2181 547 s'rsruAm,

878 654 1033 714 tuta
1060 645 1454 724 conventio,
1486 652 1567 710 ut
1600 665 1788 729 rege,
1811 652 1881 709 et
1920 645 2172 710 comite
2208 664 2627 729 unoquoque
2657 664 2782 727 pro

880 747 1101 812 altero
1164 746 1473 824 redditis,
1536 745 1626 810 ad
1683 744 1981 827 priorem
2051 745 2496 810 dissensionis
2569 765 2786 828 punc-

882 853 1030 910 tum
1077 865 1167 910 ex
1225 846 1498 928 integro
1550 844 1872 909 redirent.
1977 846 2178 909 Dura
2229 845 2526 928 quidem,
2573 853 2640 910 et
2679 845 2776 907 in-

886 947 1207 1024 discreta,
1247 947 1568 1028 omnique
1607 945 1874 1026 regioni
1913 944 2213 1010 offutura
2264 944 2614 1010 conditio:
2662 944 2783 1008 sed

889 1046 1053 1128 quia
1102 1046 1243 1110 alia
1288 1045 1553 1128 nequiit
1602 1045 1687 1108 ad
1739 1063 2043 1128 praesens
2087 1045 2280 1128 pacis
2314 1045 2493 1108 inter
2527 1064 2669 1121 eoS,
2715 1054 2786 1108 et

888 1145 1237 1224 amicitiae,
1254 1145 1710 1210 intercurrere
1741 1146 2128 1220 consensio,
2163 1144 2498 1225 utrisque,
2515 1145 2588 1208 in
2620 1164 2783 1226 pac-

887 1246 1074 1310 tione
1152 1241 1523 1310 statuendfi,
1588 1244 1850 1309 tumide
1918 1245 2100 1308 inter
2159 1263 2236 1308 se
2294 1243 2786 1308 dissidentibus

886 1345 1223 1427 partibus,
1258 1346 1540 1427 provisa
1570 1344 1705 1409 fuit
1737 1344 1885 1408 haec
1915 1344 2195 1408 tandem
2236 1351 2305 1408 et
2336 1344 2536 1425 grate
2569 1344 2789 1407 utrin-

561 1465 803 1516 Rejoielng!
818 1467 865 1507 ιι
890 1464 1023 1527 que
1069 1451 1394 1526 suscepta
1442 1445 1832 1508 conventio.
1961 1443 2265 1509 Reddito
2309 1445 2544 1525 itaque
2603 1463 2792 1524 rege,

558 1519 634 1557 the
650 1520 827 1558 teuton·

561 1568 653 1607 tion
678 1567 727 1608 of
738 1567 815 1608 the

562 1617 694 1666 mag.

888 1543 1273 1626 splendida,
1304 1551 1373 1608 et
1420 1543 1725 1625 gloriosa
1772 1544 2277 1608 occurrentium
2329 1544 2689 1620 baronum,
2721 1551 2793 1607 et

888 1643 1480 1725 congredientium
1513 1643 1646 1706 fuit
1681 1663 1838 1711 eum
1878 1643 2209 1708 comitata
2246 1642 2622 1726 processio,
2663 1643 2794 1706 mi-

889 1742 1102 1825 reque
1169 1743 1395 1825 pietas
1457 1743 1864 1808 intermixta
1930 1762 2086 1810 cum
2150 1743 2405 1825 gaudio
2466 1742 2793 1808 festivum

890 1842 1155 1907 cunctis
1204 1843 1582 1926 tripudium
1634 1843 2058 1924 adaugebat3
2112 1842 2276 1906 dum
2320 1842 2462 1918 alii,
2510 1843 2599 1906 ob
2629 1861 2790 1924 pro-

890 1941 1133 2024 pitiam
1194 1943 1328 2006 Dei
1388 1942 1823 2006 clementiam
1881 1949 2220 2025 potenter,
2273 1949 2344 2007 et
2388 1941 2794 2006 mirabiliter

891 2042 963 2105 in
1008 2061 1165 2111 eum
1210 2049 1465 2119 actam,
1519 2043 1672 2124 pias
1717 2042 2193 2118 amicabiliter,
2228 2050 2299 2106 et
2330 2041 2650 2123 religiose
2688 2041 2792 2106 la-

891 2160 1165 2222 crymas
1243 2142 1593 2218 elicerent,
1649 2142 1790 2218 alii,
1857 2143 1946 2206 ob
2009 2141 2419 2206 incolumem
2483 2139 2791 2224 ejusdem

890 2241 1373 2322 receptionem,
1412 2243 1485 2305 in
1514 2261 1755 2307 vocem
1786 2241 1996 2326 jubili
2043 2248 2115 2306 et
2148 2240 2604 2306 exultationis
2631 2240 2794 2305 laete

887 2348 1433 2422 prorumperent.
1456 2340 1478 2376 ¹

913 2639 935 2684 t
958 2563 973 2593 ¹
1011 2567 1127 2630 See,
1164 2568 1242 2618 for
1279 2584 1345 2618 an
1378 2575 1594 2620 account
1625 2570 1684 2620 of
1711 2570 1796 2620 the
1833 2571 2160 2635 negotiation,
2180 2570 2323 2621 Will.
2345 2571 2402 2620 of
2418 2569 2659 2620 Malmsb.
2676 2573 2797 2632 ⁷⁵9,

882 2650 911 2685 e
956 2651 1065 2698 seq.
