3167 5009
988 471 1200 520 Rncls
1252 473 1681 523 AnchoRUM.
2195 463 2284 526 ‘79

370 632 541 695 sime
592 632 849 696 irruere
884 631 1085 709 velle,
1116 633 1315 714 quasi
1345 633 1896 715 frequentissima
1927 655 2015 700 ex
2047 638 2280 720 apium

372 732 690 796 alveariis
737 733 1057 796 examina
1112 733 1431 796 reseratis
1479 735 1697 816 portis
1755 737 2013 819 pariter
2057 739 2279 820 prodi-

370 841 616 897 erunt.'
701 832 839 897 Illa
894 839 1147 910 autem,
1206 831 1365 898 cum
1415 835 1803 916 coquinatis
1847 837 2139 918 dapibus
2179 840 2278 902 ni-

371 933 583 996 mium
614 932 967 1010 audacter,
996 933 1413 1015 nimiumque
1444 935 1686 999 secure
1715 939 2108 1002 recumbere
2123 939 2274 1022 jam

370 1033 861 1116 proposuisset,
914 1032 1151 1096 audito
1209 1034 1506 1098 civitatis
1564 1035 1902 1100 horrendo
1948 1039 2273 1117 tumultu,

372 1139 442 1196 et
492 1153 538 1197 a
584 1133 883 1214 quodam
926 1133 1013 1196 de
1056 1133 1437 1216 proditione
1479 1135 1551 1198 in
1595 1153 1748 1199 eam
1775 1135 2124 1202 concitata
2165 1159 2272 1213 33-
2292 1153 2424 1244 ‘'Q’‘
2383 1208 2402 1243 t
2405 1156 2529 1194 sseek

371 1233 556 1297 crete
586 1234 988 1315 permonita,
1018 1233 1203 1314 fugae
1233 1234 1660 1299 velocissime
1690 1237 2086 1319 praesidium
2115 1259 2314 1303 cums
2293 1206 2574 1305 :tantyfliisssts

372 1334 687 1398 omnibus
735 1335 877 1396 suis
936 1334 1244 1416 expetiit.
1376 1334 1690 1417 cumque
1749 1339 2107 1402 cursatiles
2167 1360 2272 1403 as-

373 1434 559 1496 censi
604 1453 816 1515 equos
844 1434 967 1498 vix
1007 1433 1463 1500 antemurales
1503 1437 1800 1500 civitatis
1830 1438 2068 1502 domos
2097 1439 2276 1521 fugi-

374 1532 549 1597 endo
590 1533 969 1615 liquissent,
1000 1554 1159 1598 ecce
1199 1535 1449 1598 civium
1494 1555 1774 1618 magna,
1809 1538 2156 1621 dictuque,
2207 1547 2276 1606 et

374 1633 721 1697 aestimatu
756 1634 1120 1700 indicibilis
1160 1635 1381 1716 copia,
1424 1635 1748 1718 hospitia,
1783 1657 1942 1720 quae
1982 1639 2274 1722 relique-

373 1741 530 1796 rant
574 1735 873 1810 subienS,
932 1734 1411 1817 quodcumque
1467 1736 2038 1818 impraemeditata
2089 1740 2276 1821 fugae

371 1832 703 1898 velocitas
745 1834 929 1898 intus
962 1835 1379 1911 deseruerat,
1418 1835 1599 1899 sicut
1639 1835 1952 1901 relictum
1995 1838 2276 1919 invenit,

372 1933 473 1996 ita
522 1940 594 1997 et
634 1935 985 1998 inventum
1039 1935 1293 2016 ubique
1337 1934 1639 2017 diripuit.
1745 1935 2110 2002 Comitissa
2153 1959 2278 2004 au-

372 2040 538 2110 tem,
582 2033 741 2096 cum
783 2033 1013 2116 plures
1052 2053 1287 2099 secum
1327 2036 1642 2112 barones,
1682 2035 1924 2101 timore
1962 2047 2274 2118 urgente,

373 2133 822 2214 aufugissent,
872 2153 1011 2198 non
1067 2141 1299 2198 tamen
1348 2135 1705 2200 continuos
1763 2156 1882 2200 eos
1935 2136 2143 2218 fugae,
2203 2149 2275 2206 et

371 2232 809 2314 dispersionis
838 2253 981 2298 suae
1016 2253 1247 2298 secum
1276 2235 1519 2299 habuit
1546 2237 1870 2300 comites·
1915 2238 2080 2319 quia
2121 2246 2272 2304 tan-

372 2339 486 2396 tus
531 2339 675 2397 tam
720 2334 1055 2415 repentini
1105 2335 1379 2416 pavoris
1428 2335 1754 2417 strepitus
1803 2345 1948 2401 tam
1995 2339 2268 2404 mirabi-
2289 2351 2450 2452 3922
2409 2351 2542 2442 υἰξίο
2529 2363 2566 2391 1⁸

372 2432 529 2496 liter
556 2453 809 2497 omnes·
836 2435 1291 2512 conturbavit,
1331 2441 1430 2510 ut,
1478 2434 1772 2500 dominae
1805 2455 1952 2500 suae
1997 2457 2276 2519 prorsus

370 2533 824 2611 immemores,
854 2534 984 2597 sibi
1016 2533 1248 2616 potius
1278 2535 1602 2615 fugiendo
1627 2535 2081 2614 consuierent,
2098 2541 2277 2603 vari-

372 2652 707 2714 arumque
735 2635 1004 2698 viarum
1037 2634 1514 2711 diversiclinia,
1546 2654 1702 2716 quae
1737 2655 1812 2700 se
1854 2635 2056 2700 citius
2095 2637 2275 2721 fugi-

374 2735 677 2797 tantibus
707 2734 1144 2818 objiciebant,
1167 2736 1559 2812 subeunteS,
1578 2754 1702 2817 per
1724 2735 2018 2817 plurima
2047 2737 2274 2803 diver-

372 2833 609 2910 ticula,
661 2835 859 2915 quasi
911 2852 987 2898 se
1028 2834 1541 2899 Londonienses
1582 2835 1917 2901 instanter
1966 2837 2276 2920 inseque-

372 2941 631 3012 rentur,
678 2952 808 2998 sua
864 2935 1314 3016 expetierunt.
1431 2935 1525 3000 Et
1578 2937 1942 3019 episcopus
2001 2939 2274 3020 quidem

372 3033 865 3099 wintoniensis
921 3034 1129 3118 hujus
1175 3042 1254 3100 ut
1294 3035 1522 3100 serunt
1578 3036 1892 3100 factionis
1939 3041 2274 3117 consciust,

368 3139 443 3196 et
498 3133 885 3215 instigator,
945 3134 1067 3198 sed
1125 3141 1197 3198 et
1254 3135 1371 3199 alii
1428 3136 1730 3217 quidam,
1777 3143 1929 3200 tam*
1973 3138 2276 3222 episcopi

374 3253 582 3315 quam
626 3233 885 3315 cinguli
927 3233 1241 3299 militaris
1284 3235 1439 3312 viri,
1470 3235 1590 3316 qui
1641 3235 1730 3299 ad
1781 3235 2126 3300 dominam
2168 3239 2273 3302 in-

370 3333 889 3398 thronizandam
936 3335 1264 3416 pompose
1310 3334 1725 3412 LondoniaS,
1757 3342 1827 3398 et
1868 3345 2274 3418 arroganter

372 3441 857 3512 convenerant,
906 3433 1311 3498 multimoda
1356 3435 1543 3518 fugae
1600 3434 1890 3500 latibula
1945 3438 2270 3518 pernicis·

370 3534 539 3597 sime
588 3533 919 3598 adierunt.
1024 3534 1161 3598 Illa
1188 3535 1353 3599 vero
1402 3556 1558 3600 cum
1603 3536 1812 3600 fratre
1853 3555 1980 3600 suo
2023 3538 2270 3604 comite
2290 3550 2565 3642 δὴοκῗξξὲξε

372 3633 808 3712 Glaornensi,
843 3634 1131 3716 aliisque
1179 3636 1545 3699 baronibus
1591 3637 1978 3718 perpauciS,
2023 3605 2311 3719 quibus

371 3733 716 3817 praecipue
762 3734 1069 3816 fugiendi
1112 3735 1540 3816 oportunitas
1584 3734 1704 3798 illo
1749 3734 1978 3817 aptius
2016 3737 2272 3818 dirige·

369 3835 598 3911 batur,
628 3834 977 3898 civitatem
1007 3827 1488 3898 oxenefordiae
1536 3836 1666 3899 sub
1708 3835 1892 3898 omni
1931 3836 2272 3900 accelera·-

366 3935 553 3998 tione
584 3935 880 3998 advenit.

474 4035 640 4098 Istis
688 4035 901 4116 igitur
950 4054 993 4098 a
1046 4032 1405 4098 Londonia
1463 4033 1588 4098 tali
1645 4034 1848 4098 modo
1907 4036 2277 4112 exterritiS,

370 4135 789 4216 quicumque
836 4135 1020 4215 regis
1073 4142 1269 4198 erant
1320 4135 1648 4212 fautoreS,
1703 4141 1774 4197 31
1826 4153 1916 4197 ex
1969 4136 2277 4219 ejusdem

372 4235 690 4316 captione
745 4234 1082 4298 humiliati
1128 4234 1708 4317 deprimebantur,
1759 4241 2038 4316 tamque
2098 4232 2278 4298 nova
