3167 5009
900 472 992 538 22
1511 484 1741 533 cns-rs
1786 484 2175 544 s‘rm’fflim,

905 640 1308 727 Aliquando
1349 640 1560 707 etiam
1600 661 1690 705 ex
1746 641 2040 705 occultis
2072 639 2404 718 aditibus,
2448 658 2541 703 ex
2586 641 2813 722 iuspe-

905 750 1086 821 rato,
1139 742 1595 826 prosilientes,
1658 741 1926 822 regium
1989 739 2384 803 damnaturi
2434 740 2817 803 exercitum

908 860 1066 907 cum
1086 844 1348 925 impetu
1373 842 1656 918 irruere,
1678 858 2169 922 nonnunquam
2194 838 2357 903 vero
2378 846 2505 903 aut
2520 839 2821 919 sagittas

910 943 1248 1019 emittere,
1309 948 1433 1005 aut
1469 940 1715 1025 jacula
1768 956 1859 1002 ex
1902 938 2049 1002 alto
2092 938 2390 1015 vibrare,
2444 937 2817 1019 multisque

912 1040 1066 1105 aliis
1096 1040 1343 1125 modis,
1371 1059 1528 1103 cum
1555 1046 1831 1121 tempus
1863 1038 2215 1119 exigebat,
2242 1037 2476 1101 infesti
2494 1036 2816 1101 existere.

914 1140 1241 1205 Ceterum
1309 1158 1437 1203 rex
1499 1158 1658 1203 cum
1716 1139 2054 1201 baronum
2116 1135 2342 1219 copia,
2402 1136 2525 1219 qui
2578 1154 2817 1200 omnes

912 1247 1037 1304 aut
1081 1260 1239 1303 cum
1288 1238 1701 1303 adveniente
1738 1244 2228 1312 convenerant,
2282 1242 2407 1300 aut
2454 1235 2822 1317 perniciter

913 1358 1068 1403 eum
1165 1337 1440 1402 collatis
1531 1337 1797 1400 viribus
1884 1335 2506 1416 subsequebantur,
2585 1334 2823 1398 multis

913 1438 1136 1501 modis
1187 1456 1328 1519 quo
1385 1436 1484 1500 eis
1537 1435 1895 1499 molestior
1940 1442 2127 1499 esset
2180 1434 2587 1506 desudavit3
2650 1430 2865 1515 ¹quo‘

916 1546 987 1601 et
1020 1536 1296 1617 agmine
1326 1534 1635 1617 peditum
1661 1533 2194 1599 instructissime
2220 1540 2488 1597 armato
2514 1534 2823 1597 exterius

918 1634 1334 1718 promurale,
1358 1634 1544 1717 quod
1579 1634 1667 1697 ad
1702 1633 2063 1697 castellum
2096 1631 2536 1696 muniendum
2572 1651 2826 1713 aggere

919 1733 1466 1798 cumulatissimo
1529 1734 1601 1796 in
1667 1733 1885 1795 altum
1938 1732 2459 1809 sustollebatur,
2512 1732 2824 1813 expulsis

921 1840 1321 1898 constanter
1372 1832 1711 1909 hostibus,
1762 1832 2093 1914 suscepit,
2129 1839 2551 1913 pontemque
2590 1831 2824 1895 interi-

919 1950 1134 2009 orem,
1179 1951 1320 2015 quo
1373 1932 1462 1995 ad
1521 1932 1761 1995 urbem
1814 1931 1899 1994 de
1958 1931 2245 1995 castello
2298 1932 2609 1994 incessus
2663 1950 2823 2012 pro-

922 2032 1357 2108 tendebatur,
1376 2031 1667 2096 viriliter
1692 2029 1997 2111 infregit,
2012 2029 2496 2113 lignorumque
2516 2030 2827 2111 ingentia

922 2130 1239 2207 aedificia,
1305 2130 1562 2212 quibus
1637 2130 1723 2191 de
1786 2148 1982 2192 muro
2061 2148 2373 2212 pugnare
2446 2130 2826 2193 nitentibus

923 2230 1380 2306 resisteretur,
1449 2228 1620 2292 mire
1674 2234 1747 2292 et
1796 2227 2165 2293 artificiose
2224 2228 2592 2293 exaltavit.
2696 2229 2831 2291 Die

924 2330 1160 2406 etiam,
1219 2336 1290 2393 et
1344 2336 1546 2393 nocte
1591 2327 1924 2411 graviter,
1974 2336 2044 2391 et
2092 2328 2356 2392 intente
2404 2329 2826 2392 obsidionem

923 2426 1182 2493 clausis
1231 2428 1522 2508 inferre3
1572 2446 1753 2491 nunc
1806 2445 1964 2491 cum
2014 2429 2303 2492 armatis
2361 2447 2685 2510 aggerem
2729 2429 2833 2491 in-

925 2547 1124 2593 cessu
1189 2528 1634 2611 quadrupede
1692 2526 2309 2592 conscendentibus
2362 2528 2588 2592 rixam
2653 2546 2830 2610 pug-

926 2647 1164 2693 nacem
1214 2646 1446 2692 secum
1503 2627 1972 2705 committere;
2018 2646 2202 2690 nunc
2246 2646 2400 2691 cum
2454 2626 2832 2691 innumeris

927 2726 1415 2804 funditoribus,
1448 2727 1570 2810 qui
1614 2746 1657 2789 e
1706 2725 1981 2790 diverso
2039 2726 2364 2790 conducti
2397 2727 2692 2802 fuerant,
2736 2726 2833 2790 in-

933 2825 1274 2891 tolerabili
1329 2844 1448 2890 eos
1516 2825 1824 2907 lapidum
1880 2825 2215 2907 grandine
2260 2826 2631 2890 infestare:
2706 2827 2833 2890 ali-

933 2925 1212 3009 quando
1243 2933 1475 2989 autem
1508 2925 1747 2989 ascitis
1777 2925 1901 3000 eiS,
1945 2926 2067 3007 qui
2087 2944 2335 2989 massae
2369 2926 2835 2991 subterraneae

933 3023 1207 3089 cautius
1242 3024 1494 3089 norunt
1525 3043 1741 3088 venas
1770 3024 2091 3100 incidere,
2140 3026 2229 3088 ad
2261 3044 2533 3089 murum
2563 3027 2836 3091 diruen-

934 3125 1098 3188 dum
1109 3125 1376 3188 viscera
1397 3131 1599 3188 terrae
1610 3143 1765 3188 seru
1773 3124 1903 3187 tari
1927 3124 2301 3206 praecipere
2315 3145 2333 3204 3
2346 3144 2839 3209 nonuunquam

935 3225 1144 3289 etiam
1201 3223 1554 3288 machinas
1610 3223 1865 3288 diversi
1922 3224 2217 3305 generiS,
2251 3224 2427 3288 alias
2493 3226 2565 3289 iu
2618 3227 2835 3290 altum

936 3325 1271 3398 sublataS,
1325 3324 1506 3387 alias
1560 3323 1770 3386 humo
1822 3331 2021 3387 tenus
2074 3324 2462 3406 depressas,
2532 3324 2703 3389 istas
2748 3326 2835 3389 ad

937 3422 1435 3506 inspiciendum
1493 3422 1821 3503 quidnam
1886 3441 2113 3485 rerum
2184 3424 2255 3487 in
2304 3423 2593 3488 castello
2646 3444 2839 3506 gere-

939 3531 1153 3598 retur,
1181 3520 1340 3584 illas
1390 3520 1476 3585 ad
1526 3540 1797 3583 murum
1845 3522 2312 3602 quassandum
2345 3523 2457 3587 vel
2504 3525 2841 3589 subruen-

939 3621 1102 3684 dum
1123 3627 1390 3703 aptare.
1444 3619 1561 3683 Illi
1593 3640 1633 3684 e
1662 3618 1905 3684 contra
1932 3620 2205 3687 fortiter
2232 3628 2303 3686 et
2333 3623 2843 3706 promptissime

942 3720 1393 3801 refraganteS,
1427 3720 1663 3783 omnia
1690 3718 1842 3802 ejus
1877 3722 2451 3800 machinamenta,
2486 3723 2555 3785 in
2594 3725 2844 3807 quibus

943 3819 1312 3902 plurimum
1381 3819 1721 3883 artificum
1772 3819 2148 3886 desudarat
2207 3822 2589 3903 ingenium,
2650 3823 2845 3887 nihili

943 3918 1370 4001 pendebant:
1443 3920 1545 3983 ita
1575 3926 1658 3983 ut
1688 3919 1989 3996 strenue,
2024 3928 2097 3984 et
2129 3920 2484 4003 ingeniose
2536 3924 2846 4005 utrisque

945 4018 1456 4083 decertantibus
1501 4039 1827 4101 magnum
1882 4038 2116 4084 eorum
2181 4022 2377 4086 fieret
2430 4022 2842 4105 prudentiae,

947 4125 1017 4181 et
1045 4118 1435 4183 velocitatis
1461 4126 1837 4183 certamen.

1624 4263 1638 4294 ¹
1660 4264 1675 4292 ‘
1685 4264 1858 4325 Quia,'
1878 4264 2170 4314 Duchesne.
