3167 5009
923 486 1013 553 38
1557 502 1787 549 Gns'rA
1840 499 2232 560 s‘rnruAm,

928 657 1106 741 pene
1131 657 1459 740 suscepit.
1565 654 1697 721 Est
1725 656 1971 721 civitas
2006 674 2049 719 a
2081 651 2363 719 Bristoa
2394 670 2493 718 vl.
2524 654 2839 718 miliariis

932 758 1221 835 distanS,
1250 749 1372 821 ubi
1422 756 1739 821 fonticuli
1792 776 1915 840 per
1948 754 2259 820 occultas
2304 754 2575 818 fistulas
2620 772 2843 836 aquas

932 878 1024 921 ex
1079 858 1382 921 humano
1453 857 1733 939 ingenio
1795 864 1866 920 et
1926 854 2217 920 artificio
2290 854 2687 931 calefactae,
2746 873 2839 917 ex

935 959 1273 1022 abstrusis
1326 965 1528 1022 terrae
1589 957 1965 1020 visceribus
2030 973 2304 1019 sursum
2376 956 2450 1017 in
2527 961 2838 1036 recepta-

935 1058 1168 1122 culum
1199 1076 1324 1141 per
1357 1064 1743 1122 cameratas
1796 1056 2229 1119 arcuationes
2269 1053 2571 1137 gloriose
2613 1055 2844 1137 dispo·

935 1160 1146 1223 situm
1186 1164 1532 1234 emanant,
1561 1157 2003 1238 thermasque
2037 1162 2481 1238 temperatas,
2511 1161 2581 1218 et
2608 1172 2845 1230 sanas,

936 1265 1361 1342 aspectuque
1407 1257 1850 1321 delectabiles
1913 1257 1986 1320 in
2045 1255 2271 1318 medio
2333 1253 2638 1319 civitatis
2701 1252 2843 1317 effi·

610 1366 878 1457 ffifftigfion
937 1360 1152 1422 ciunt.
1258 1357 1436 1435 Quae
1482 1358 1731 1421 civitas
1768 1357 1981 1420 Batta
2008 1358 2323 1432 vocatur,
2358 1354 2545 1437 quod
2574 1373 2666 1418 ex
2697 1351 2845 1419 An-

940 1458 1139 1539 glicae
1214 1458 1472 1539 linguae
1546 1457 1967 1539 proprietate
2054 1455 2333 1520 trahens
2405 1454 2845 1531 vocabulum,

941 1557 1280 1621 Balneum
1307 1558 1824 1640 interpretatur,
1854 1575 1937 1619 eo
1966 1555 2151 1637 qued
2182 1556 2271 1619 ad
2312 1554 2506 1619 illam
2539 1572 2629 1617 ex
2656 1556 2848 1618 omni

941 1655 1208 1739 Anglia
1235 1656 1484 1721 infirmi
1517 1654 1731 1721 causa
1757 1657 1831 1719 in
1858 1656 2250 1720 salubribus
2282 1656 2485 1737 aquis
2517 1653 2848 1731 diluendi,

941 1758 1097 1821 sani
1148 1756 1314 1823 vere
1368 1754 1598 1839 gratia
1666 1756 2012 1820 mirabiles
2072 1755 2314 1819 calidae
2382 1773 2583 1837 aquae
2642 1773 2846 1837 erup-

941 1857 1166 1921 tiones
1215 1856 1518 1934 videndi,
1585 1864 1658 1921 et
1724 1856 1797 1919 in
1848 1856 1947 1921 eis
1996 1854 2386 1932 balneandi,
2444 1873 2849 1919 concurrere

617 1972 711 2012 'rho
725 1970 874 2021 pecul·
943 1958 1192 2021 solent.
1297 1956 1507 2021 Hanc
1560 1957 1780 2037 igitur
1828 1956 2204 2035 civitatem,
2262 1974 2344 2018 eo
2390 1953 2575 2036 qued
2625 1954 2849 2019 facilis

616 2022 922 2112 ἶῗῖἑῗιοιιῗ
943 2064 1129 2120 esset
1183 2055 1272 2119 ad
1338 2055 1807 2133 muniendum,
1862 2055 1949 2120 ad
2010 2062 2267 2119 sortem
2329 2073 2529 2119 suam
2582 2054 2850 2118 Bristo-

620 2124 734 2163 '⁰¹⁸⁰
751 2122 880 2163 ’,ω’
941 2175 1144 2219 enses
1199 2155 1497 2240 adjicere
1547 2162 1899 2232 conanteS,
1950 2156 2137 2220 facto
2180 2156 2458 2237 agmine
2508 2156 2581 2218 in
2628 2154 2853 2236 primo

946 2256 1081 2319 diei
1111 2256 1517 2338 crepusculo
1563 2255 1936 2339 improvise
1985 2256 2175 2319 illam
2222 2254 2475 2331 adiere,
2507 2254 2853 2335 scalisque

943 2373 1178 2419 secum
1247 2363 1319 2420 et
1372 2356 1526 2421 aliis
1581 2356 1989 2420 machinalis
2042 2356 2131 2420 ad
2188 2374 2460 2419 murum
2520 2372 2852 2418 conscen-

945 2455 1246 2519 dendum
1289 2457 1663 2535 convectiS‚
1698 2457 1770 2520 in
1812 2453 2111 2538 quadam
2144 2456 2327 2519 valle
2370 2453 2629 2538 recepti
2676 2472 2854 2537 pan-

947 2555 1168 2620 lulum
1226 2555 1709 2640 expectarunt,
1770 2555 2001 2639 quoad
2044 2574 2265 2639 usque
2336 2556 2477 2619 situ
2548 2554 2854 2619 civitatis

949 2655 1280 2739 adituque
1324 2656 1642 2738 capiendi
1688 2657 1777 2719 ab
1807 2655 2363 2738 exploratoribus
2398 2654 2855 2730 considerato,

950 2754 1211 2820 laxatis
1267 2776 1506 2820 omnes
1547 2756 1834 2820 habenis
1876 2756 2041 2819 illuc
2090 2756 2350 2837 pariter
2378 2754 2854 2819 convolarent.

629 2894 796 2939 aem,
813 2894 909 2934 m,
951 2854 1310 2919 Galsridus
1380 2857 1617 2937 itaque
1660 2855 2027 2931 Taleboth,
2104 2862 2580 2937 cognatusque
2669 2853 2856 2916 illius

627 2995 833 3045 whom,
851 2956 904 2985 ⁰¹¹
955 2953 1388 3020 Gislebertus
1431 2955 1518 3018 de
1569 2956 1849 3033 Laceio,
1900 2957 2008 3020 vir
2049 2956 2374 3038 prudenS,
2427 2962 2496 3018 et
2546 2956 2616 3018 in
2668 2955 2869 3017 omni.

953 3055 1235 3119 militari
1283 3054 1556 3119 actione
1608 3056 1937 3139 providus
1982 3061 2055 3118 et
2087 3074 2439 3137 operoSuS,
2474 3054 2562 3118 ad
2612 3053 2853 3135 explo-

951 3155 1238 3219 randum
1289 3156 1640 3233 destinati,
1684 3155 2043 3239 circuitum
2090 3156 2393 3220 civitatis
2439 3154 2859 3238 pedetentim

941 3262 1023 3318 et
1073 3254 1300 3332 caute,
1348 3263 1430 3321 ut
1481 3256 1613 3320 sibi
1656 3256 2042 3331 videbatur,
2089 3252 2642 3338 perlustrarunt:
2698 3250 2856 3317 cum

955 3373 1113 3419 ecce
1157 3354 1410 3419 milites
1460 3356 1777 3437 praesulis
1813 3355 2194 3431 BattensiS,
2238 3355 2375 3418 illis
2418 3354 2852 3437 conspicatis,

952 3452 1234 3535 repente
1262 3454 1738 3530 interfuerunt,
1775 3453 2302 3536 Gislebertoque
2336 3454 2421 3518 de
2450 3454 2674 3518 medio
2702 3452 2859 3516 illo-

953 3571 1107 3614 rum
1152 3553 1508 3629 evadente,
1543 3561 1625 3617 ut
1674 3561 1825 3618 erat
1868 3554 2007 3618 alio
2042 3554 2380 3618 versutior
2422 3562 2495 3619 et
2526 3554 2859 3628 acerbior,

956 3649 1348 3715 Galfridum
1394 3652 2003 3718 circumvenientes
2051 3661 2403 3735 ceperunt,
2433 3654 2861 3736 pedibusque

955 3751 1381 3815 strictissime
1431 3753 1841 3835 compeditis
1887 3754 1961 3817 in
1996 3760 2262 3817 secreto
2298 3772 2596 3830 recessu,
2626 3758 2857 3816 custo-

953 3850 1082 3913 diis
1154 3851 1502 3929 adhibitis,
1543 3859 2017 3918 retruserunt.
2124 3851 2557 3918 Gislebertus
2604 3859 2859 3928 autem,

953 3958 1097 4013 tam
1141 3950 1567 4017 infortunate
1617 3959 1917 4035 cognato
1968 3953 2249 4029 amisso,
2284 3952 2374 4015 ad
2416 3953 2703 4016 comites
2748 3970 2859 4014 re-

951 4068 1254 4130 gressus,
1314 4054 1709 4116 moestuosis
1767 4052 2081 4135 suspiriis
2144 4052 2308 4135 quid
2376 4052 2439 4115 ei
2506 4052 2863 4116 infortunii

951 4148 1201 4214 accidit
1236 4152 1608 4215 enarravit.
1715 4152 1786 4216 N
1791 4172 1867 4215 ec
1902 4159 2135 4216 tamen
2170 4152 2273 4215 illi
2318 4153 2408 4216 ob
2450 4152 2582 4216 hoc
2614 4151 2859 4235 despe-

949 4249 1109 4327 rati,
1167 4250 1288 4315 sed
1335 4250 1769 4316 constantius
1819 4252 2129 4330 animati,
2186 4271 2395 4335 seque
2443 4253 2514 4316 in
2564 4253 2861 4316 invicem
