3167 5009
836 459 967 524 122
1470 473 1701 524 ensrA
1747 475 2136 532 &rurum-11.

509 647 739 701 Thema
844 642 1069 698 turum
1122 632 1353 709 laetus,
1404 640 1477 696 et
1526 633 1760 698 alacer
1807 635 2282 716 promittebat,
2333 632 2518 712 cum,
2561 655 2744 714 ecoe,

507 701 779 839 3:2¹3?
839 735 1042 815 primi
1074 751 1342 809 omnes,
1371 733 1495 815 qui
1530 733 1598 796 ei
1631 734 2076 810 assistebant,
2111 734 2744 800 animadvertentes

507 850 741 900 treachery·
840 832 1025 915 quod
1056 833 1349 915 praefata
1383 850 1614 896 comes
1655 833 1730 896 in
1761 833 1922 896 dolo
1955 833 2377 915 loqueretur,
2407 853 2453 896 a
2491 853 2741 917 propo-

509 961 672 1002 ωηο.
688 963 773 1002 md
840 933 977 997 sito
1020 951 1255 1013 regem
1296 931 1532 995 subito
1574 929 2016 996 revocarunt.
2139 932 2483 997 Dicebant
2525 935 2740 1016 siqui-

509 1017 758 1102 «Ψωῗῗὲ
840 1031 997 1095 dem
1076 1028 1517 1113 nequaquam
1591 1032 1990 1095 consultum
2065 1049 2219 1096 esse
2291 1033 2365 1094 in
2440 1041 2742 1098 remotas

507 1122 621 1153 ‘⁰¹²⁸‘
838 1131 1181 1196 Waloniae
1206 1137 1460 1212 partes,
1489 1130 2062 1212 quemadmodum
2088 1150 2318 1194 comes
2343 1133 2740 1214 expetebat,

836 1250 1067 1312 regem
1126 1228 1535 1312 procedere;
1603 1230 1906 1294 maxime
1953 1228 2110 1294 cum
2155 1230 2246 1294 ad
2289 1230 2589 1312 plurima
2631 1251 2740 1296 se-

837 1330 1069 1394 danda
1114 1329 1563 1392 dissensionis
1605 1329 1894 1406 semina,
1937 1347 2096 1410 quae
2137 1330 2389 1410 ubique
2433 1329 2738 1394 locorum

836 1450 961 1512 per
992 1428 1323 1509 Angliam
1371 1424 1832 1510 puHularunt,
1887 1435 2373 1492 revocaretur:
2441 1448 2568 1494 nec
2630 1438 2738 1494 tu-

837 1537 987 1592 tum
1017 1547 1167 1592 esse
1196 1546 1321 1608 per
1355 1528 1656 1608 abrupta
1693 1527 2055 1604 montium,
2084 1547 2210 1610 per
2245 1527 2594 1592 condensa
2621 1529 2740 1592 sil-

836 1645 1105 1703 varum,
1150 1626 1223 1688 in
1260 1626 1574 1688 barbarae
1613 1625 1838 1706 gentis
1885 1625 2170 1690 insidias
2207 1625 2742 1709 circumquaque

840 1725 1229 1808 dispositas,
1269 1724 1650 1788 exercitum
1678 1725 1952 1801 ducere,
1981 1726 2099 1789 ubi
2127 1745 2254 1790 nec
2283 1744 2618 1807 aquarum
2655 1727 2738 1790 li-

840 1845 1015 1908 quor
1057 1825 1147 1888 ad
1192 1825 1377 1888 sitim
1421 1843 1545 1905 pro
1573 1831 1742 1888 voto
1784 1823 2225 1888 relevandam
2269 1844 2344 1888 se
2387 1825 2740 1903 offerebat,

838 1945 967 1988 nec
1009 1943 1323 1988 aecarum
1362 1922 1716 2004 suffragia,
1743 1942 1904 2004 quae
1946 1923 2140 2004 regio
2182 1923 2571 1988 sufficerent
2615 1945 2741 2008 ap-

839 2024 1139 2106 paratui,
1182 2023 1255 2086 in
1300 2029 1624 2104 promptu
1681 2024 2177 2088 occurrebant:
2259 2031 2524 2088 certum
2587 2026 2739 2106 qui-

842 2123 997 2186 dem
1043 2122 1339 2203 plurima
1388 2121 1741 2184 imminere
1799 2123 1872 2184 in
1916 2122 2161 2186 itinere
2205 2123 2534 2204 pericula,
2585 2124 2739 2205 plu-

842 2223 1015 2284 rima
1060 2227 1297 2303 patere
1353 2218 1914 2301 quaquaversum
1955 2221 2392 2302 discrimina3
2469 2222 2630 2286 cum
2667 2224 2740 2287 id

843 2339 1117 2402 quoque
1146 2327 1328 2384 esset
1366 2318 1442 2382 in
1478 2319 1712 2397 dubio,
1741 2327 1974 2384 utrum
2009 2321 2312 2398 tandem,
2342 2320 2577 2386 labore
2617 2343 2738 2386 ex-

842 2421 1115 2498 hausto,
1158 2419 1247 2483 de
1302 2417 1596 2483 victoria
1654 2417 1979 2501 potienda
2035 2421 2206 2483 certi
2255 2420 2734 2486 redderentur:

840 2519 1278 2585 temerarium
1319 2538 1596 2600 quoque
1635 2537 1808 2597 esse,
1853 2519 2190 2600 nimisque
2235 2528 2736 2603 praesumptuo-

836 2639 1015 2696 sum,
1056 2619 1132 2681 in
1180 2617 1333 2702 ejus
1372 2637 1447 2681 se
1504 2619 1905 2682 comitatum
1946 2625 2094 2682 tam
2135 2619 2518 2684 inconsulte
2559 2620 2738 2685 velle

838 2719 1171 2799 ingerere,
1189 2717 1308 2799 qui
1340 2718 1861 2799 praemaximam
1891 2718 2086 2798 regni
2113 2725 2380 2800 partem
2410 2719 2740 2784 adversus

834 2837 915 2880 se
965 2817 1473 2898 praeripuisset:
1542 2823 1615 2880 et
1659 2815 1823 2880 licet
1879 2836 1957 2880 se
2016 2817 2190 2897 regi,
2231 2824 2311 2880 ut
2351 2817 2737 2896 videbatur,

838 2912 1256 2992 inclinasset,
1300 2933 1440 2977 non
1493 2921 1728 2978 tamen
1777 2933 1853 2979 se
1901 2916 1974 2978 in
2025 2914 2257 2999 aliquo
2301 2917 2739 2996 securiorem,

838 3015 959 3078 sed
990 3033 1116 3078 nec
1136 3013 1296 3077 fidei
1324 3013 1756 3092 certitudine,
1784 3034 1910 3079 nec
1933 3015 2248 3079 obsidum
2265 3017 2740 3082 commissione

839 3114 1251 3179 reddidisset
1306 3113 1664 3178 certiorem
1691 3133 1714 3178 ε
1793 3113 1977 3196 quod
2027 3114 2088 3178 si
2139 3115 2229 3178 ad
2282 3113 2514 3179 hostes
2575 3136 2737 3180 con-

838 3213 1158 3278 terendos
1196 3233 1451 3295 regem,
1482 3220 1560 3277 ut
1608 3213 2028 3294 postulabat,
2059 3214 2269 3278 vellet
2312 3234 2739 3296 promovere,

836 3313 1154 3378 redderet
1202 3312 1395 3396 prius
1439 3332 1596 3394 quae
1641 3312 1726 3375 de
1769 3313 1912 3376 suis
1956 3313 2214 3397 injuste
2257 3324 2740 3396 usurpaverat,

835 3413 970 3477 fide
1003 3432 1277 3495 quoque
1312 3409 1652 3488 exhibita,
1681 3412 1799 3476 sed
1843 3418 1913 3476 et
1947 3413 2295 3477 obsidibus
2341 3413 2592 3478 oblatis
2627 3423 2740 3480 tu-

834 3512 1078 3575 tiorem
1107 3510 1405 3574 faceret:
1453 3509 1640 3592 quod
1683 3511 1743 3573 si
1785 3511 1858 3574 in
1899 3512 2184 3575 instanti
2226 3511 2452 3577 facere
2481 3514 2739 3578 renuis-

836 3618 965 3686 set,
989 3629 1126 3673 non
1155 3608 1381 3673 solum
1410 3628 1566 3672 eum
1598 3607 2032 3675 affirmabant
2050 3619 2299 3688 non,ut
2315 3613 2736 3694 postulabat,

836 3709 948 3792 adj
956 3729 1171 3772 uvare
1206 3709 1479 3787 debere,
1510 3709 1631 3773 sed
1661 3716 1731 3773 et
1770 3717 1849 3773 ut
1885 3711 1957 3773 in
1986 3711 2438 3775 saevissimum
2471 3713 2738 3776 hostem

834 3808 992 3872 vive
1031 3809 1101 3871 in
1146 3829 1327 3885 eum,
1358 3815 1429 3872 et
1471 3815 1868 3873 constanter
1909 3810 2288 3890 insurgere,
2320 3818 2737 3894 captumque

832 3909 978 3971 sine
1006 3906 1227 3984 mora,
1262 3907 1479 3972 donec
1510 3909 1661 3989 regi
1701 3908 2154 3987 satisfaceret,
2187 3911 2446 3974 carceri
2477 3912 2736 3975 manci-

834 4027 1023 4089 pare.

932 4106 1110 4170 Cum
1156 4105 1370 4186 igitur
1415 4125 1585 4170 sano
1631 4105 2026 4189 hujusmodi
2079 4107 2366 4172 consilio
2411 4127 2538 4173 rex
2585 4116 2738 4173 tan-

830 4207 982 4270 dem
1017 4205 1180 4271 licet
1224 4205 1437 4271 invite
1482 4207 1970 4288 adquievisset,
2005 4207 2129 4283 illi,
2176 4207 2360 4273 facto
2406 4209 2735 4272 continuo
