3167 5009
586 2384 728 2424 Rattlo
745 2384 793 2422 of

586 2435 780 2475 Linooln.

593 3281 766 3322 omens.

883 498 972 562 70
1511 511 1738 560 ensi-A
1785 509 2174 571 srnPnAm,

888 669 1437 736 emendaturum.
1543 667 1996 752 Quapropter
2029 667 2424 734 consultum
2475 675 2584 732 est
2623 667 2798 748 regi,

890 779 969 836 ut
1024 771 1207 847 viro,
1266 771 1355 835 ad
1414 770 1646 835 foedus
1703 770 2338 852 redintegrandum,
2401 767 2488 832 ad
2555 786 2800 850 pacem

890 871 1378 948 innovandam,
1438 879 1745 953 recepto,
1809 871 1870 934 si
1926 870 2270 953 promissa
2326 867 2531 932 sactis
2585 867 2801 932 adim-

890 972 1138 1053 pleret,
1203 971 1459 1036 tacitus
1526 973 1947 1046 observaret,
2017 970 2258 1053 sicque
2322 969 2410 1032 ad
2473 967 2614 1032 alia
2675 987 2801 1030 ex—

892 1071 1149 1155 plenda
1234 1070 1567 1136 aliorsum
1661 1071 2032 1136 secederet.
2171 1069 2487 1134 Plurimo
2561 1068 2805 1149 itaque

896 1172 1181 1238 evoluto
1214 1177 1548 1254 tempore,
1582 1169 1740 1234 cum
1769 1190 1896 1235 nec
1931 1168 2191 1234 comes1
2231 1170 2438 1235 solito
2478 1165 2802 1232 devotius

900 1273 1049 1353 regi
1083 1277 1382 1353 pareret,
1414 1269 1712 1353 cumque
1754 1271 1826 1334 in
1860 1269 2330 1345 Lincolnensi,
2365 1288 2524 1334 cum
2557 1287 2804 1344 uxore,

902 1379 973 1436 et
1000 1371 1159 1437 filiis
1203 1390 1638 1436 commorans
1683 1370 1998 1448 castello,
2035 1369 2325 1446 civibuS,
2371 1376 2445 1433 et
2487 1367 2806 1432 affinibus

903 1471 1057 1537 dira
1110 1470 1529 1554 injungeret,
1568 1471 1756 1535 cives
1811 1471 1959 1552 regi
2008 1469 2360 1552 privatim,
2402 1478 2474 1534 et
2533 1467 2807 1532 occulte

905 1570 1173 1636 nunciis
1227 1571 1619 1647 destinatis,
1663 1577 1745 1634 ut
1791 1571 1879 1634 ad
1935 1571 2256 1634 comitem
2304 1588 2458 1634 cum
2521 1586 2807 1633 suorum

908 1670 1255 1753 suffragiis
1288 1670 1742 1736 obsidendum
1775 1667 1984 1754 quam
2010 1671 2306 1734 festinus
2337 1670 2632 1746 adesset,
2647 1687 2807 1732 cnm

906 1769 1129 1836 multa
1186 1771 1692 1853 supplicatione
1755 1769 2014 1854 saepius
2065 1767 2507 1835 mandarunt.
2644 1769 2812 1832 Rex

907 1879 1141 1938 autem
1189 1869 1498 1953 repente,
1528 1877 1600 1936 et
1631 1869 2005 1954 improvise
2035 1870 2435 1947 adveniens,
2465 1889 2510 1933 a
2538 1869 2811 1933 civibus

906 1978 1297 2055 susceptus,
1352 1971 1714 2035 castellum
1779 1978 2191 2036 evacuatum
2270 1967 2446 2052 pene
2520 1969 2814 2046 invenit,

910 2072 1225 2153 exceptis
1293 2090 1537 2147 uxore,
1605 2080 1677 2134 et
1752 2070 1968 2136 fratre
2045 2069 2344 2147 comitiS,
2430 2070 2814 2152 paucisque

912 2189 1151 2236 eorum
1206 2169 1686 2252 suffraganeis,
1742 2191 1917 2255 quos
1973 2170 2180 2247 idem,
2223 2189 2406 2251 rege
2457 2170 2815 2234 civitatem

914 2271 1277 2348 subeunte,
1328 2271 1425 2336 ibi
1476 2271 1896 2353 relinquens,
1960 2271 2081 2334 vix
2145 2289 2188 2334 a
2253 2270 2544 2335 castello
2620 2271 2816 2334 solus

918 2369 1183 2452 effugit.
1275 2370 1473 2452 Rege
1506 2371 1743 2454 itaque
1774 2378 2196 2447 constanter,
2215 2377 2287 2435 et
2319 2368 2628 2434 animose
2660 2389 2815 2434 cas·

922 2470 1163 2534 tellum
1202 2470 1584 2548 obsidente,
1620 2473 1878 2554 quique
1933 2470 2461 2536 includebantur
2517 2469 2818 2548 balistis,

914 2579 987 2634 et
1014 2570 1169 2635 aliis
1204 2571 1461 2636 diversi
1508 2571 1724 2636 studii
1769 2571 2105 2636 machinis
2149 2569 2560 2652 gravissime
2603 2570 2818 2634 infes-

916 2677 1135 2748 tante,
1167 2689 1397 2734 comes
1434 2671 1752 2748 Cestriae,
1801 2670 2148 2736 mandatis
2191 2671 2506 2736 Roberto
2565 2672 2819 2735 comite

918 2768 1301 2847 Glaorniae,
1336 2771 1458 2834 sed
1503 2778 1575 2835 et
1603 2771 1896 2848 Milone,
1947 2778 2020 2835 et
2069 2771 2412 2848 omnibUS,
2467 2771 2588 2853 qui
2623 2790 2700 2834 se
2744 2771 2818 2834 in

915 2889 1146 2951 regem
1178 2868 1555 2948 armarant,
1591 2871 1712 2934 sed
1747 2878 1819 2936 et
1854 2871 2283 2936 walensium
2319 2871 2522 2952 gravi
2557 2890 2819 2946 secum,

918 2977 988 3036 ct
1032 2968 1448 3036 intolerabili
1502 2969 1847 3035 conducta
1887 2971 2351 3048 multitudine,
2389 2969 2532 3036 una
2583 2989 2824 3036 omnes

920 3069 1455 3152 conspiratione,
1485 3070 1626 3134 imo
1675 3080 1748 3136 et
1797 3070 2120 3136 concordi
2165 3071 2395 3136 animo
2447 3071 2539 3134 ad
2584 3090 2825 3154 regem

924 3171 1460 3252 expugnandum
1496 3171 1758 3254 pariter
1781 3179 2272 3237 convenerunt.
2377 3170 2557 3238 Erat
2586 3178 2825 3236 autem

924 3269 1217 3336 festivus
1255 3271 1772 3336 Purificationis
1812 3271 1983 3336 dies,
2087 3270 2402 3354 cumque
2443 3273 2520 3336 in
2555 3291 2826 3337 summo

924 3369 1230 3454 diluculo
1286 3372 1650 3435 missarum
1699 3371 2035 3436 solemnia
2083 3373 2536 3448 celebrarent,
2575 3381 2647 3436 et
2697 3391 2826 3436 rex

924 3469 1299 3532 secundum
1356 3471 1561 3534 ritum
1631 3469 1791 3548 diei,
1837 3479 1908 3535 et
1967 3469 2289 3548 officium,
2335 3491 2707 3537 accensum
2753 3473 2829 3536 in

922 3587 1133 3632 manu
1176 3587 1450 3632 cereum
1492 3577 1826 3652 gestaret,
1871 3570 2104 3635 lumen
2135 3573 2365 3655 ipsum
2415 3571 2651 3638 subito
2702 3593 2831 3637 ex·-

922 3668 1240 3746 tinctum,
1288 3669 1409 3732 sed
1465 3677 1536 3734 et
1580 3689 1844 3748 cereuS‚
1902 3679 1980 3736 ut
2025 3672 2245 3750 aiunt,
2293 3691 2666 3755 parumper
2721 3673 2831 3736 in-

906 3767 1207 3847 ·fractuS,
1238 3777 1686 3852 retentusque
1732 3778 1964 3834 tamen
1997 3772 2070 3836 in
2101 3791 2312 3836 manu
2357 3773 2834 3838 resarcinatus

921 3867 1077 3945 fuit,
1114 3876 1186 3934 et
1214 3869 1468 3934 iterato
1520 3889 1852 3934 accensus
1883 3891 1900 3935 ε
1949 3872 2220 3952 signum
2257 3872 2607 3950 videlicet,
2644 3873 2836 3955 quod

921 3976 1206 4050 propter
1252 3978 1616 4052 peccatum
1682 3990 1881 4034 suum
1949 3973 2147 4052 regni
2215 3972 2544 4037 honorem
2625 3975 2837 4038 amit—

924 4076 1123 4145 teret,
1172 4069 1610 4151 tandemque,
1665 4068 1916 4134 exacta
1975 4070 2414 4152 poenitentia,
2475 4074 2631 4137 Deo
2699 4075 2838 4138 sibi

1698 4284 1714 4317 ¹
1752 4302 1824 4337 sc.
1849 4288 2080 4345 Cestriae.
