<?xml version="1.0" encoding="UTF-8"?>
<!DOCTYPE html PUBLIC "-//W3C//DTD XHTML 1.0 Transitional//EN"
    "http://www.w3.org/TR/xhtml1/DTD/xhtml1-transitional.dtd">
<html xmlns="http://www.w3.org/1999/xhtml" xml:lang="en" lang="en">
 <head>
  <title>
</title>
<meta http-equiv="Content-Type" content="text/html;charset=utf-8" />
  <meta name='ocr-system' content='tesseract 3.04.00' />
  <meta name='ocr-capabilities' content='ocr_page ocr_carea ocr_par ocr_line ocrx_word'/>
</head>
<body>
  <div class='ocr_page' id='page_1' title='image "./gestastephanire01sewegoog_0117.png"; bbox 0 0 3167 5009; ppageno 0'>
   <div class='ocr_carea' id='block_1_1' title="bbox 912 461 2196 537">
    <p class='ocr_par' dir='ltr' id='par_1_1' title="bbox 912 461 2196 537">
     <span class='ocr_line' id='line_1_1' title="bbox 912 461 2196 537; baseline -0.002 -9"><span class='ocrx_word' id='word_1_1' title='bbox 912 461 1003 528; x_wconf 81' lang='lat'><strong>98</strong></span> <span class='ocrx_word' id='word_1_2' title='bbox 1535 477 1764 526; x_wconf 67' lang='lat' dir='ltr'><strong>enen</strong></span> <span class='ocrx_word' id='word_1_3' title='bbox 1810 476 2196 537; x_wconf 75' lang='lat' dir='ltr'><strong>STEPHANI,</strong></span> 
     </span>
    </p>
   </div>
   <div class='ocr_carea' id='block_1_2' title="bbox 905 630 2834 4313">
    <p class='ocr_par' dir='ltr' id='par_1_2' title="bbox 905 630 2834 4313">
     <span class='ocr_line' id='line_1_2' title="bbox 916 630 2823 715; baseline -0.001 -17"><span class='ocrx_word' id='word_1_4' title='bbox 916 631 1257 708; x_wconf 78' lang='lat' dir='ltr'><strong>clanculo,</strong></span> <span class='ocrx_word' id='word_1_5' title='bbox 1270 632 1380 697; x_wconf 84' lang='lat' dir='ltr'><strong>vel</strong></span> <span class='ocrx_word' id='word_1_6' title='bbox 1404 631 1670 715; x_wconf 75' lang='lat' dir='ltr'><strong>aperte,</strong></span> <span class='ocrx_word' id='word_1_7' title='bbox 1685 634 1890 700; x_wconf 87' lang='lat' dir='ltr'><strong>rebus</strong></span> <span class='ocrx_word' id='word_1_8' title='bbox 1912 630 2424 714; x_wconf 63' lang='lat' dir='ltr'><strong>depraedatione</strong></span> <span class='ocrx_word' id='word_1_9' title='bbox 2443 630 2823 708; x_wconf 86' lang='lat' dir='ltr'><strong>distractis,</strong></span> 
     </span>
     <span class='ocr_line' id='line_1_3' title="bbox 920 731 2823 817; baseline -0.001 -21"><span class='ocrx_word' id='word_1_10' title='bbox 920 733 1207 810; x_wconf 88' lang='lat' dir='ltr'><strong>nudare,</strong></span> <span class='ocrx_word' id='word_1_11' title='bbox 1250 731 1409 796; x_wconf 90' lang='lat' dir='ltr'><strong>illas</strong></span> <span class='ocrx_word' id='word_1_12' title='bbox 1458 733 1532 799; x_wconf 90' lang='lat' dir='ltr'><strong>in</strong></span> <span class='ocrx_word' id='word_1_13' title='bbox 1585 733 1851 816; x_wconf 88' lang='lat' dir='ltr'><strong>proprii</strong></span> <span class='ocrx_word' id='word_1_14' title='bbox 1883 732 2068 817; x_wconf 85' lang='lat' dir='ltr'><strong>juris</strong></span> <span class='ocrx_word' id='word_1_15' title='bbox 2129 731 2508 798; x_wconf 88' lang='lat' dir='ltr'><strong>dominium</strong></span> <span class='ocrx_word' id='word_1_16' title='bbox 2553 732 2823 796; x_wconf 82' lang='lat' dir='ltr'><strong>invere-</strong></span> 
     </span>
     <span class='ocr_line' id='line_1_4' title="bbox 922 831 2822 915; baseline -0.001 -17"><span class='ocrx_word' id='word_1_17' title='bbox 922 831 1146 899; x_wconf 77' lang='lat' dir='ltr'><strong>cunde</strong></span> <span class='ocrx_word' id='word_1_18' title='bbox 1202 832 1532 914; x_wconf 80' lang='lat' dir='ltr'><strong>redigere.</strong></span> <span class='ocrx_word' id='word_1_19' title='bbox 1667 831 1742 898; x_wconf 89' lang='lat' dir='ltr'><strong>Si</strong></span> <span class='ocrx_word' id='word_1_20' title='bbox 1799 831 1956 915; x_wconf 90' lang='lat' dir='ltr'><strong>quis</strong></span> <span class='ocrx_word' id='word_1_21' title='bbox 1999 840 2231 902; x_wconf 87' lang='lat' dir='ltr'><strong>autem</strong></span> <span class='ocrx_word' id='word_1_22' title='bbox 2274 832 2385 896; x_wconf 84' lang='lat' dir='ltr'><strong>vel</strong></span> <span class='ocrx_word' id='word_1_23' title='bbox 2431 831 2822 898; x_wconf 80' lang='lat' dir='ltr'><strong>reverendae</strong></span> 
     </span>
     <span class='ocr_line' id='line_1_5' title="bbox 924 931 2822 1016; baseline -0.002 -19"><span class='ocrx_word' id='word_1_24' title='bbox 924 949 1239 1016; x_wconf 78' lang='lat' dir='ltr'><strong>personae</strong></span> <span class='ocrx_word' id='word_1_25' title='bbox 1305 933 1710 1009; x_wconf 73' lang='lat' dir='ltr'><strong>monachae,</strong></span> <span class='ocrx_word' id='word_1_26' title='bbox 1771 932 1884 996; x_wconf 83' lang='lat' dir='ltr'><strong>vel</strong></span> <span class='ocrx_word' id='word_1_27' title='bbox 1944 933 2320 996; x_wconf 78' lang='lat' dir='ltr'><strong>nominatae</strong></span> <span class='ocrx_word' id='word_1_28' title='bbox 2383 931 2822 1000; x_wconf 76' lang='lat' dir='ltr'><strong>auctoritatis</strong></span> 
     </span>
     <span class='ocr_line' id='line_1_6' title="bbox 924 1031 2821 1115; baseline -0.003 -15"><span class='ocrx_word' id='word_1_29' title='bbox 924 1032 1239 1108; x_wconf 87' lang='lat' dir='ltr'><strong>clericus,</strong></span> <span class='ocrx_word' id='word_1_30' title='bbox 1273 1052 1401 1115; x_wconf 88' lang='lat' dir='ltr'><strong>pro</strong></span> <span class='ocrx_word' id='word_1_31' title='bbox 1435 1031 1636 1098; x_wconf 75' lang='lat' dir='ltr'><strong>illata</strong></span> <span class='ocrx_word' id='word_1_32' title='bbox 1678 1033 1882 1098; x_wconf 88' lang='lat' dir='ltr'><strong>rebus</strong></span> <span class='ocrx_word' id='word_1_33' title='bbox 1927 1031 2412 1098; x_wconf 85' lang='lat' dir='ltr'><strong>ecclesiasticis</strong></span> <span class='ocrx_word' id='word_1_34' title='bbox 2455 1032 2821 1102; x_wconf 75' lang='lat' dir='ltr'><strong>exactione</strong></span> 
     </span>
     <span class='ocr_line' id='line_1_7' title="bbox 925 1130 2823 1216; baseline 0 -20"><span class='ocrx_word' id='word_1_35' title='bbox 925 1139 1429 1216; x_wconf 82' lang='lat' dir='ltr'><strong>conquesturus</strong></span> <span class='ocrx_word' id='word_1_36' title='bbox 1474 1132 1856 1209; x_wconf 74' lang='lat' dir='ltr'><strong>accederet,</strong></span> <span class='ocrx_word' id='word_1_37' title='bbox 1900 1130 2256 1215; x_wconf 85' lang='lat' dir='ltr'><strong>injuriosis</strong></span> <span class='ocrx_word' id='word_1_38' title='bbox 2299 1131 2614 1213; x_wconf 89' lang='lat' dir='ltr'><strong>protinus</strong></span> <span class='ocrx_word' id='word_1_39' title='bbox 2658 1150 2823 1196; x_wconf 88' lang='lat' dir='ltr'><strong>con-</strong></span> 
     </span>
     <span class='ocr_line' id='line_1_8' title="bbox 929 1229 2821 1314; baseline -0.001 -17"><span class='ocrx_word' id='word_1_40' title='bbox 929 1232 1231 1298; x_wconf 87' lang='lat' dir='ltr'><strong>tumeliis</strong></span> <span class='ocrx_word' id='word_1_41' title='bbox 1267 1229 1469 1308; x_wconf 86' lang='lat' dir='ltr'><strong>affici,</strong></span> <span class='ocrx_word' id='word_1_42' title='bbox 1504 1231 1711 1296; x_wconf 88' lang='lat' dir='ltr'><strong>minis</strong></span> <span class='ocrx_word' id='word_1_43' title='bbox 1755 1231 1827 1295; x_wconf 91' lang='lat' dir='ltr'><strong>in</strong></span> <span class='ocrx_word' id='word_1_44' title='bbox 1871 1229 2116 1299; x_wconf 86' lang='lat' dir='ltr'><strong>faciem</strong></span> <span class='ocrx_word' id='word_1_45' title='bbox 2152 1231 2601 1313; x_wconf 87' lang='lat' dir='ltr'><strong>impudenter</strong></span> <span class='ocrx_word' id='word_1_46' title='bbox 2643 1250 2821 1314; x_wconf 82' lang='lat' dir='ltr'><strong>prae-</strong></span> 
     </span>
     <span class='ocr_line' id='line_1_9' title="bbox 927 1330 2824 1413; baseline 0 -17"><span class='ocrx_word' id='word_1_47' title='bbox 927 1332 1141 1397; x_wconf 83' lang='lat' dir='ltr'><strong>textis</strong></span> <span class='ocrx_word' id='word_1_48' title='bbox 1202 1331 1658 1398; x_wconf 78' lang='lat' dir='ltr'><strong>irreverenter</strong></span> <span class='ocrx_word' id='word_1_49' title='bbox 1701 1331 2093 1408; x_wconf 82' lang='lat' dir='ltr'><strong>absterreri,</strong></span> <span class='ocrx_word' id='word_1_50' title='bbox 2143 1330 2332 1413; x_wconf 78' lang='lat' dir='ltr'><strong>saepe</strong></span> <span class='ocrx_word' id='word_1_51' title='bbox 2390 1331 2656 1398; x_wconf 85' lang='lat' dir='ltr'><strong>itineris</strong></span> <span class='ocrx_word' id='word_1_52' title='bbox 2715 1331 2824 1399; x_wconf 81' lang='lat' dir='ltr'><strong>sui</strong></span> 
     </span>
     <span class='ocr_line' id='line_1_10' title="bbox 928 1430 2824 1514; baseline 0 -18"><span class='ocrx_word' id='word_1_53' title='bbox 928 1430 1379 1499; x_wconf 76' lang='lat' dir='ltr'><strong>comministri</strong></span> <span class='ocrx_word' id='word_1_54' title='bbox 1412 1431 1827 1513; x_wconf 84' lang='lat' dir='ltr'><strong>gravissimo</strong></span> <span class='ocrx_word' id='word_1_55' title='bbox 1850 1431 2158 1509; x_wconf 85' lang='lat' dir='ltr'><strong>verbere,</strong></span> <span class='ocrx_word' id='word_1_56' title='bbox 2176 1431 2330 1513; x_wconf 89' lang='lat' dir='ltr'><strong>ipso</strong></span> <span class='ocrx_word' id='word_1_57' title='bbox 2358 1431 2824 1514; x_wconf 88' lang='lat' dir='ltr'><strong>conspicante,</strong></span> 
     </span>
     <span class='ocr_line' id='line_1_11' title="bbox 928 1530 2824 1614; baseline 0.002 -20"><span class='ocrx_word' id='word_1_58' title='bbox 928 1530 1208 1606; x_wconf 78' lang='lat' dir='ltr'><strong>vexari3</strong></span> <span class='ocrx_word' id='word_1_59' title='bbox 1258 1530 1445 1613; x_wconf 77' lang='lat' dir='ltr'><strong>saepe</strong></span> <span class='ocrx_word' id='word_1_60' title='bbox 1488 1531 1670 1596; x_wconf 88' lang='lat' dir='ltr'><strong>idem</strong></span> <span class='ocrx_word' id='word_1_61' title='bbox 1716 1531 1891 1613; x_wconf 90' lang='lat' dir='ltr'><strong>ipse,</strong></span> <span class='ocrx_word' id='word_1_62' title='bbox 1927 1531 2418 1614; x_wconf 89' lang='lat' dir='ltr'><strong>cujuscumque</strong></span> <span class='ocrx_word' id='word_1_63' title='bbox 2461 1530 2824 1612; x_wconf 84' lang='lat' dir='ltr'><strong>dignitatis</strong></span> 
     </span>
     <span class='ocr_line' id='line_1_12' title="bbox 928 1629 2825 1713; baseline 0 -17"><span class='ocrx_word' id='word_1_64' title='bbox 928 1637 1137 1707; x_wconf 86' lang='lat' dir='ltr'><strong>esset,</strong></span> <span class='ocrx_word' id='word_1_65' title='bbox 1195 1629 1305 1696; x_wconf 82' lang='lat' dir='ltr'><strong>vel</strong></span> <span class='ocrx_word' id='word_1_66' title='bbox 1360 1630 1626 1696; x_wconf 83' lang='lat' dir='ltr'><strong>ordinis</strong></span> <span class='ocrx_word' id='word_1_67' title='bbox 1669 1631 1936 1713; x_wconf 89' lang='lat' dir='ltr'><strong>spoliis,</strong></span> <span class='ocrx_word' id='word_1_68' title='bbox 1981 1649 2138 1713; x_wconf 83' lang='lat' dir='ltr'><strong>quae</strong></span> <span class='ocrx_word' id='word_1_69' title='bbox 2182 1649 2414 1697; x_wconf 84' lang='lat' dir='ltr'><strong>secum</strong></span> <span class='ocrx_word' id='word_1_70' title='bbox 2459 1631 2825 1708; x_wconf 88' lang='lat' dir='ltr'><strong>detulerat,</strong></span> 
     </span>
     <span class='ocr_line' id='line_1_13' title="bbox 930 1729 2821 1813; baseline 0.001 -19"><span class='ocrx_word' id='word_1_71' title='bbox 930 1729 1434 1813; x_wconf 75' lang='lat' dir='ltr'><strong>incompassive</strong></span> <span class='ocrx_word' id='word_1_72' title='bbox 1482 1729 1883 1808; x_wconf 83' lang='lat' dir='ltr'><strong>subtractis,</strong></span> <span class='ocrx_word' id='word_1_73' title='bbox 1941 1738 2067 1796; x_wconf 91' lang='lat' dir='ltr'><strong>aut</strong></span> <span class='ocrx_word' id='word_1_74' title='bbox 2123 1730 2460 1796; x_wconf 77' lang='lat' dir='ltr'><strong>inhonore</strong></span> <span class='ocrx_word' id='word_1_75' title='bbox 2518 1731 2821 1810; x_wconf 83' lang='lat' dir='ltr'><strong>nudatis,</strong></span> 
     </span>
     <span class='ocr_line' id='line_1_14' title="bbox 929 1829 2825 1914; baseline 0.001 -20"><span class='ocrx_word' id='word_1_76' title='bbox 929 1849 970 1894; x_wconf 92' lang='lat' dir='ltr'><strong>e</strong></span> <span class='ocrx_word' id='word_1_77' title='bbox 1016 1849 1144 1895; x_wconf 89' lang='lat' dir='ltr'><strong>suo</strong></span> <span class='ocrx_word' id='word_1_78' title='bbox 1178 1837 1545 1914; x_wconf 90' lang='lat' dir='ltr'><strong>prospectu</strong></span> <span class='ocrx_word' id='word_1_79' title='bbox 1591 1829 1854 1913; x_wconf 87' lang='lat' dir='ltr'><strong>repelli,</strong></span> <span class='ocrx_word' id='word_1_80' title='bbox 1889 1837 2015 1896; x_wconf 91' lang='lat' dir='ltr'><strong>aut</strong></span> <span class='ocrx_word' id='word_1_81' title='bbox 2058 1829 2493 1896; x_wconf 73' lang='lat' dir='ltr'><strong>atrocissima</strong></span> <span class='ocrx_word' id='word_1_82' title='bbox 2520 1832 2825 1902; x_wconf 85' lang='lat' dir='ltr'><strong>verberis</strong></span> 
     </span>
     <span class='ocr_line' id='line_1_15' title="bbox 932 1929 2822 2014; baseline 0 -20"><span class='ocrx_word' id='word_1_83' title='bbox 932 1929 1337 1996; x_wconf 89' lang='lat' dir='ltr'><strong>contusione</strong></span> <span class='ocrx_word' id='word_1_84' title='bbox 1370 1930 1795 2012; x_wconf 83' lang='lat' dir='ltr'><strong>defatigatus</strong></span> <span class='ocrx_word' id='word_1_85' title='bbox 1824 1930 2142 2012; x_wconf 86' lang='lat' dir='ltr'><strong>relinqui.</strong></span> <span class='ocrx_word' id='word_1_86' title='bbox 2233 1930 2326 1996; x_wconf 89' lang='lat' dir='ltr'><strong>Et</strong></span> <span class='ocrx_word' id='word_1_87' title='bbox 2364 1930 2512 2000; x_wconf 83' lang='lat' dir='ltr'><strong>haec</strong></span> <span class='ocrx_word' id='word_1_88' title='bbox 2545 1931 2822 2014; x_wconf 88' lang='lat' dir='ltr'><strong>quidem</strong></span> 
     </span>
     <span class='ocr_line' id='line_1_16' title="bbox 932 2029 2827 2112; baseline -0.002 -19"><span class='ocrx_word' id='word_1_89' title='bbox 932 2029 1339 2112; x_wconf 85' lang='lat' dir='ltr'><strong>lacrymosae</strong></span> <span class='ocrx_word' id='word_1_90' title='bbox 1381 2031 1678 2095; x_wconf 80' lang='lat' dir='ltr'><strong>miseriae</strong></span> <span class='ocrx_word' id='word_1_91' title='bbox 1711 2029 1948 2107; x_wconf 88' lang='lat' dir='ltr'><strong>facies,</strong></span> <span class='ocrx_word' id='word_1_92' title='bbox 1981 2029 2092 2094; x_wconf 90' lang='lat' dir='ltr'><strong>hic</strong></span> <span class='ocrx_word' id='word_1_93' title='bbox 2137 2038 2531 2112; x_wconf 80' lang='lat' dir='ltr'><strong>questuosae</strong></span> <span class='ocrx_word' id='word_1_94' title='bbox 2564 2038 2827 2112; x_wconf 59' lang='lat' dir='ltr'><strong>tragos,</strong></span> 
     </span>
     <span class='ocr_line' id='line_1_17' title="bbox 932 2129 2830 2214; baseline 0.003 -22"><span class='ocrx_word' id='word_1_95' title='bbox 932 2129 1067 2192; x_wconf 83' lang='lat' dir='ltr'><strong>diae</strong></span> <span class='ocrx_word' id='word_1_96' title='bbox 1101 2129 1698 2196; x_wconf 84' lang='lat' dir='ltr'><strong>inhonestissimus</strong></span> <span class='ocrx_word' id='word_1_97' title='bbox 1731 2131 1996 2206; x_wconf 90' lang='lat' dir='ltr'><strong>modus,</strong></span> <span class='ocrx_word' id='word_1_98' title='bbox 2026 2129 2205 2194; x_wconf 91' lang='lat' dir='ltr'><strong>sicut</strong></span> <span class='ocrx_word' id='word_1_99' title='bbox 2238 2131 2492 2214; x_wconf 89' lang='lat' dir='ltr'><strong>ubique</strong></span> <span class='ocrx_word' id='word_1_100' title='bbox 2528 2149 2650 2212; x_wconf 92' lang='lat' dir='ltr'><strong>per</strong></span> <span class='ocrx_word' id='word_1_101' title='bbox 2682 2129 2830 2197; x_wconf 88' lang='lat' dir='ltr'><strong>An-</strong></span> 
     </span>
     <span class='ocr_line' id='line_1_18' title="bbox 936 2228 2828 2313; baseline 0.002 -20"><span class='ocrx_word' id='word_1_102' title='bbox 936 2229 1147 2311; x_wconf 85' lang='lat' dir='ltr'><strong>gliam</strong></span> <span class='ocrx_word' id='word_1_103' title='bbox 1202 2229 1477 2313; x_wconf 76' lang='lat' dir='ltr'><strong>publice</strong></span> <span class='ocrx_word' id='word_1_104' title='bbox 1536 2228 2123 2308; x_wconf 85' lang='lat' dir='ltr'><strong>committebatur,</strong></span> <span class='ocrx_word' id='word_1_105' title='bbox 2168 2230 2270 2294; x_wconf 91' lang='lat' dir='ltr'><strong>ita</strong></span> <span class='ocrx_word' id='word_1_106' title='bbox 2317 2238 2388 2296; x_wconf 91' lang='lat' dir='ltr'><strong>et</strong></span> <span class='ocrx_word' id='word_1_107' title='bbox 2433 2231 2522 2295; x_wconf 90' lang='lat' dir='ltr'><strong>ad</strong></span> <span class='ocrx_word' id='word_1_108' title='bbox 2567 2230 2828 2313; x_wconf 88' lang='lat' dir='ltr'><strong>episco-</strong></span> 
     </span>
     <span class='ocr_line' id='line_1_19' title="bbox 936 2329 2826 2412; baseline 0.001 -18"><span class='ocrx_word' id='word_1_109' title='bbox 936 2349 1180 2412; x_wconf 89' lang='lat' dir='ltr'><strong>porum</strong></span> <span class='ocrx_word' id='word_1_110' title='bbox 1226 2349 1429 2394; x_wconf 88' lang='lat' dir='ltr'><strong>aures</strong></span> <span class='ocrx_word' id='word_1_111' title='bbox 1460 2330 1718 2412; x_wconf 87' lang='lat' dir='ltr'><strong>ubique</strong></span> <span class='ocrx_word' id='word_1_112' title='bbox 1746 2329 2203 2397; x_wconf 81' lang='lat' dir='ltr'><strong>deferebatur.</strong></span> <span class='ocrx_word' id='word_1_113' title='bbox 2277 2329 2411 2396; x_wconf 91' lang='lat' dir='ltr'><strong>Sed</strong></span> <span class='ocrx_word' id='word_1_114' title='bbox 2447 2330 2549 2395; x_wconf 90' lang='lat' dir='ltr'><strong>illi</strong></span> <span class='ocrx_word' id='word_1_115' title='bbox 2579 2331 2826 2396; x_wconf 89' lang='lat' dir='ltr'><strong>timore</strong></span> 
     </span>
     <span class='ocr_line' id='line_1_20' title="bbox 935 2427 2826 2513; baseline 0.002 -20"><span class='ocrx_word' id='word_1_116' title='bbox 935 2427 1267 2494; x_wconf 77' lang='lat' dir='ltr'><strong>vilissime</strong></span> <span class='ocrx_word' id='word_1_117' title='bbox 1299 2428 1632 2513; x_wconf 87' lang='lat' dir='ltr'><strong>depressi,</strong></span> <span class='ocrx_word' id='word_1_118' title='bbox 1647 2437 1728 2494; x_wconf 91' lang='lat' dir='ltr'><strong>ut</strong></span> <span class='ocrx_word' id='word_1_119' title='bbox 1756 2430 2020 2497; x_wconf 89' lang='lat' dir='ltr'><strong>arundo</strong></span> <span class='ocrx_word' id='word_1_120' title='bbox 2041 2436 2250 2494; x_wconf 87' lang='lat' dir='ltr'><strong>vento</strong></span> <span class='ocrx_word' id='word_1_121' title='bbox 2279 2431 2570 2512; x_wconf 81' lang='lat' dir='ltr'><strong>agitata,</strong></span> <span class='ocrx_word' id='word_1_122' title='bbox 2589 2431 2826 2496; x_wconf 81' lang='lat' dir='ltr'><strong>inflec-</strong></span> 
     </span>
     <span class='ocr_line' id='line_1_21' title="bbox 937 2528 2828 2612; baseline 0.001 -18"><span class='ocrx_word' id='word_1_123' title='bbox 937 2530 1284 2608; x_wconf 85' lang='lat' dir='ltr'><strong>tebantur,</strong></span> <span class='ocrx_word' id='word_1_124' title='bbox 1328 2529 1799 2612; x_wconf 85' lang='lat' dir='ltr'><strong>habentesque</strong></span> <span class='ocrx_word' id='word_1_125' title='bbox 1863 2529 1969 2594; x_wconf 87' lang='lat' dir='ltr'><strong>sal</strong></span> <span class='ocrx_word' id='word_1_126' title='bbox 2018 2528 2462 2608; x_wconf 87' lang='lat' dir='ltr'><strong>infatuatum,</strong></span> <span class='ocrx_word' id='word_1_127' title='bbox 2506 2549 2647 2596; x_wconf 89' lang='lat' dir='ltr'><strong>non</strong></span> <span class='ocrx_word' id='word_1_128' title='bbox 2715 2552 2828 2596; x_wconf 89' lang='lat' dir='ltr'><strong>as·-</strong></span> 
     </span>
     <span class='ocr_line' id='line_1_22' title="bbox 936 2627 2829 2712; baseline 0.003 -20"><span class='ocrx_word' id='word_1_129' title='bbox 936 2629 1318 2694; x_wconf 88' lang='lat' dir='ltr'><strong>cendebaut</strong></span> <span class='ocrx_word' id='word_1_130' title='bbox 1356 2649 1449 2694; x_wconf 83' lang='lat' dir='ltr'><strong>ex</strong></span> <span class='ocrx_word' id='word_1_131' title='bbox 1484 2627 1799 2706; x_wconf 85' lang='lat' dir='ltr'><strong>adverso,</strong></span> <span class='ocrx_word' id='word_1_132' title='bbox 1839 2649 1964 2694; x_wconf 91' lang='lat' dir='ltr'><strong>nec</strong></span> <span class='ocrx_word' id='word_1_133' title='bbox 2009 2648 2085 2694; x_wconf 87' lang='lat' dir='ltr'><strong>se</strong></span> <span class='ocrx_word' id='word_1_134' title='bbox 2133 2650 2404 2700; x_wconf 86' lang='lat' dir='ltr'><strong>murum</strong></span> <span class='ocrx_word' id='word_1_135' title='bbox 2453 2651 2580 2712; x_wconf 88' lang='lat' dir='ltr'><strong>pro</strong></span> <span class='ocrx_word' id='word_1_136' title='bbox 2625 2631 2829 2697; x_wconf 87' lang='lat' dir='ltr'><strong>domo</strong></span> 
     </span>
     <span class='ocr_line' id='line_1_23' title="bbox 938 2727 2831 2814; baseline 0.003 -22"><span class='ocrx_word' id='word_1_137' title='bbox 938 2727 1163 2793; x_wconf 91' lang='lat' dir='ltr'><strong>Israel</strong></span> <span class='ocrx_word' id='word_1_138' title='bbox 1230 2730 1698 2813; x_wconf 87' lang='lat' dir='ltr'><strong>opponebant.</strong></span> <span class='ocrx_word' id='word_1_139' title='bbox 1821 2730 2171 2796; x_wconf 88' lang='lat' dir='ltr'><strong>Deberent</strong></span> <span class='ocrx_word' id='word_1_140' title='bbox 2237 2748 2536 2814; x_wconf 89' lang='lat' dir='ltr'><strong>namque</strong></span> <span class='ocrx_word' id='word_1_141' title='bbox 2597 2731 2831 2814; x_wconf 85' lang='lat' dir='ltr'><strong>gladio</strong></span> 
     </span>
     <span class='ocr_line' id='line_1_24' title="bbox 936 2828 2826 2915; baseline 0.004 -23"><span class='ocrx_word' id='word_1_142' title='bbox 936 2829 1127 2892; x_wconf 86' lang='lat' dir='ltr'><strong>verbi</strong></span> <span class='ocrx_word' id='word_1_143' title='bbox 1169 2829 1323 2905; x_wconf 91' lang='lat' dir='ltr'><strong>Dei,</strong></span> <span class='ocrx_word' id='word_1_144' title='bbox 1359 2829 1480 2912; x_wconf 92' lang='lat' dir='ltr'><strong>qui</strong></span> <span class='ocrx_word' id='word_1_145' title='bbox 1523 2828 1815 2894; x_wconf 87' lang='lat' dir='ltr'><strong>devorat</strong></span> <span class='ocrx_word' id='word_1_146' title='bbox 1847 2848 2112 2906; x_wconf 89' lang='lat' dir='ltr'><strong>carnes,</strong></span> <span class='ocrx_word' id='word_1_147' title='bbox 2149 2830 2518 2894; x_wconf 83' lang='lat' dir='ltr'><strong>carnaliter</strong></span> <span class='ocrx_word' id='word_1_148' title='bbox 2549 2833 2826 2915; x_wconf 84' lang='lat' dir='ltr'><strong>sapien·-</strong></span> 
     </span>
     <span class='ocr_line' id='line_1_25' title="bbox 936 2928 2827 3012; baseline 0.003 -20"><span class='ocrx_word' id='word_1_149' title='bbox 936 2928 1121 2993; x_wconf 92' lang='lat' dir='ltr'><strong>tibus</strong></span> <span class='ocrx_word' id='word_1_150' title='bbox 1155 2944 1556 3008; x_wconf 85' lang='lat' dir='ltr'><strong>occurrere3</strong></span> <span class='ocrx_word' id='word_1_151' title='bbox 1595 2928 1892 3012; x_wconf 85' lang='lat' dir='ltr'><strong>filiisque</strong></span> <span class='ocrx_word' id='word_1_152' title='bbox 1929 2928 2178 3008; x_wconf 89' lang='lat' dir='ltr'><strong>Belial,</strong></span> <span class='ocrx_word' id='word_1_153' title='bbox 2217 2931 2336 3012; x_wconf 91' lang='lat' dir='ltr'><strong>qui</strong></span> <span class='ocrx_word' id='word_1_154' title='bbox 2367 2932 2572 2996; x_wconf 88' lang='lat' dir='ltr'><strong>rebus</strong></span> <span class='ocrx_word' id='word_1_155' title='bbox 2608 2933 2827 2999; x_wconf 88' lang='lat' dir='ltr'><strong>eccle-</strong></span> 
     </span>
     <span class='ocr_line' id='line_1_26' title="bbox 936 3027 2831 3116; baseline 0.003 -24"><span class='ocrx_word' id='word_1_156' title='bbox 936 3027 1237 3096; x_wconf 87' lang='lat' dir='ltr'><strong>siasticis</strong></span> <span class='ocrx_word' id='word_1_157' title='bbox 1338 3027 1680 3095; x_wconf 84' lang='lat' dir='ltr'><strong>violenter</strong></span> <span class='ocrx_word' id='word_1_158' title='bbox 1777 3029 2288 3106; x_wconf 86' lang='lat' dir='ltr'><strong>incumbebant,</strong></span> <span class='ocrx_word' id='word_1_159' title='bbox 2387 3031 2831 3116; x_wconf 86' lang='lat' dir='ltr'><strong>tunicamque</strong></span> 
     </span>
     <span class='ocr_line' id='line_1_27' title="bbox 936 3127 2825 3212; baseline 0.005 -20"><span class='ocrx_word' id='word_1_160' title='bbox 936 3127 1218 3192; x_wconf 89' lang='lat' dir='ltr'><strong>Domini</strong></span> <span class='ocrx_word' id='word_1_161' title='bbox 1279 3129 1750 3211; x_wconf 88' lang='lat' dir='ltr'><strong>particulatim</strong></span> <span class='ocrx_word' id='word_1_162' title='bbox 1827 3129 1962 3198; x_wconf 89' lang='lat' dir='ltr'><strong>sibi</strong></span> <span class='ocrx_word' id='word_1_163' title='bbox 2036 3128 2461 3212; x_wconf 85' lang='lat' dir='ltr'><strong>diripientes,</strong></span> <span class='ocrx_word' id='word_1_164' title='bbox 2525 3131 2825 3201; x_wconf 84' lang='lat' dir='ltr'><strong>laceram</strong></span> 
     </span>
     <span class='ocr_line' id='line_1_28' title="bbox 936 3228 2828 3312; baseline 0.004 -21"><span class='ocrx_word' id='word_1_165' title='bbox 936 3228 1191 3311; x_wconf 88' lang='lat' dir='ltr'><strong>ubique</strong></span> <span class='ocrx_word' id='word_1_166' title='bbox 1234 3229 1569 3306; x_wconf 87' lang='lat' dir='ltr'><strong>locorum,</strong></span> <span class='ocrx_word' id='word_1_167' title='bbox 1606 3235 1678 3293; x_wconf 92' lang='lat' dir='ltr'><strong>et</strong></span> <span class='ocrx_word' id='word_1_168' title='bbox 1707 3228 2066 3295; x_wconf 86' lang='lat' dir='ltr'><strong>discissam</strong></span> <span class='ocrx_word' id='word_1_169' title='bbox 2097 3228 2543 3312; x_wconf 86' lang='lat' dir='ltr'><strong>reliquerant,</strong></span> <span class='ocrx_word' id='word_1_170' title='bbox 2576 3232 2828 3300; x_wconf 87' lang='lat' dir='ltr'><strong>Hiere-</strong></span> 
     </span>
     <span class='ocr_line' id='line_1_29' title="bbox 918 3327 2828 3412; baseline 0.002 -17"><span class='ocrx_word' id='word_1_171' title='bbox 918 3327 1093 3395; x_wconf 85' lang='lat' dir='ltr'><strong>-miae</strong></span> <span class='ocrx_word' id='word_1_172' title='bbox 1140 3327 1411 3406; x_wconf 88' lang='lat' dir='ltr'><strong>faciem,</strong></span> <span class='ocrx_word' id='word_1_173' title='bbox 1465 3335 1968 3412; x_wconf 87' lang='lat' dir='ltr'><strong>cornutamque</strong></span> <span class='ocrx_word' id='word_1_174' title='bbox 2013 3327 2266 3412; x_wconf 85' lang='lat' dir='ltr'><strong>Moyse</strong></span> <span class='ocrx_word' id='word_1_175' title='bbox 2315 3329 2611 3396; x_wconf 85' lang='lat' dir='ltr'><strong>frontem</strong></span> <span class='ocrx_word' id='word_1_176' title='bbox 2663 3334 2828 3398; x_wconf 85' lang='lat' dir='ltr'><strong>viri-</strong></span> 
     </span>
     <span class='ocr_line' id='line_1_30' title="bbox 931 3428 2830 3519; baseline 0.004 -27"><span class='ocrx_word' id='word_1_177' title='bbox 931 3429 1091 3494; x_wconf 88' lang='lat' dir='ltr'><strong>liter</strong></span> <span class='ocrx_word' id='word_1_178' title='bbox 1148 3428 1409 3494; x_wconf 86' lang='lat' dir='ltr'><strong>offerre.</strong></span> <span class='ocrx_word' id='word_1_179' title='bbox 1525 3428 1695 3493; x_wconf 77' lang='lat' dir='ltr'><strong>Ideo</strong></span> <span class='ocrx_word' id='word_1_180' title='bbox 1753 3447 2052 3511; x_wconf 88' lang='lat' dir='ltr'><strong>namque</strong></span> <span class='ocrx_word' id='word_1_181' title='bbox 2106 3429 2244 3519; x_wconf 88' lang='lat' dir='ltr'><strong>ipsi</strong></span> <span class='ocrx_word' id='word_1_182' title='bbox 2299 3447 2425 3511; x_wconf 91' lang='lat' dir='ltr'><strong>per</strong></span> <span class='ocrx_word' id='word_1_183' title='bbox 2473 3432 2830 3500; x_wconf 88' lang='lat' dir='ltr'><strong>columnas</strong></span> 
     </span>
     <span class='ocr_line' id='line_1_31' title="bbox 934 3526 2830 3615; baseline 0.004 -23"><span class='ocrx_word' id='word_1_184' title='bbox 934 3546 1091 3609; x_wconf 81' lang='lat' dir='ltr'><strong>quae</strong></span> <span class='ocrx_word' id='word_1_185' title='bbox 1122 3526 1397 3591; x_wconf 87' lang='lat' dir='ltr'><strong>domum</strong></span> <span class='ocrx_word' id='word_1_186' title='bbox 1420 3527 1555 3590; x_wconf 89' lang='lat' dir='ltr'><strong>Dei</strong></span> <span class='ocrx_word' id='word_1_187' title='bbox 1582 3533 2002 3605; x_wconf 89' lang='lat' dir='ltr'><strong>sustentant,</strong></span> <span class='ocrx_word' id='word_1_188' title='bbox 2023 3548 2149 3610; x_wconf 85' lang='lat' dir='ltr'><strong>per</strong></span> <span class='ocrx_word' id='word_1_189' title='bbox 2169 3530 2552 3609; x_wconf 83' lang='lat' dir='ltr'><strong>leunculoS,</strong></span> <span class='ocrx_word' id='word_1_190' title='bbox 2583 3532 2702 3615; x_wconf 91' lang='lat' dir='ltr'><strong>qui</strong></span> <span class='ocrx_word' id='word_1_191' title='bbox 2727 3534 2830 3599; x_wconf 95' lang='lat' dir='ltr'><strong>la-</strong></span> 
     </span>
     <span class='ocr_line' id='line_1_32' title="bbox 932 3624 2831 3715; baseline 0.006 -26"><span class='ocrx_word' id='word_1_192' title='bbox 932 3627 1132 3689; x_wconf 90' lang='lat' dir='ltr'><strong>brum</strong></span> <span class='ocrx_word' id='word_1_193' title='bbox 1158 3624 1331 3691; x_wconf 89' lang='lat' dir='ltr'><strong>illud</strong></span> <span class='ocrx_word' id='word_1_194' title='bbox 1376 3625 1764 3695; x_wconf 87' lang='lat' dir='ltr'><strong>Salomonis</strong></span> <span class='ocrx_word' id='word_1_195' title='bbox 1797 3635 2236 3710; x_wconf 89' lang='lat' dir='ltr'><strong>supportant,</strong></span> <span class='ocrx_word' id='word_1_196' title='bbox 2267 3649 2393 3712; x_wconf 88' lang='lat' dir='ltr'><strong>per</strong></span> <span class='ocrx_word' id='word_1_197' title='bbox 2434 3630 2638 3698; x_wconf 88' lang='lat' dir='ltr'><strong>bases</strong></span> <span class='ocrx_word' id='word_1_198' title='bbox 2672 3653 2831 3715; x_wconf 74' lang='lat' dir='ltr'><strong>quac</strong></span> 
     </span>
     <span class='ocr_line' id='line_1_33' title="bbox 933 3727 2832 3811; baseline 0.006 -21"><span class='ocrx_word' id='word_1_199' title='bbox 933 3744 1238 3792; x_wconf 87' lang='lat' dir='ltr'><strong>mensam</strong></span> <span class='ocrx_word' id='word_1_200' title='bbox 1283 3727 1776 3810; x_wconf 86' lang='lat' dir='ltr'><strong>propositionis</strong></span> <span class='ocrx_word' id='word_1_201' title='bbox 1841 3734 2260 3806; x_wconf 84' lang='lat' dir='ltr'><strong>sustentant,</strong></span> <span class='ocrx_word' id='word_1_202' title='bbox 2305 3731 2832 3811; x_wconf 84' lang='lat' dir='ltr'><strong>exprimuntur;</strong></span> 
     </span>
     <span class='ocr_line' id='line_1_34' title="bbox 934 3826 2829 3911; baseline 0.005 -22"><span class='ocrx_word' id='word_1_203' title='bbox 934 3826 1261 3908; x_wconf 87' lang='lat' dir='ltr'><strong>quatinus</strong></span> <span class='ocrx_word' id='word_1_204' title='bbox 1302 3827 1690 3904; x_wconf 88' lang='lat' dir='ltr'><strong>ecclesiam,</strong></span> <span class='ocrx_word' id='word_1_205' title='bbox 1725 3847 1880 3911; x_wconf 81' lang='lat' dir='ltr'><strong>quoe</strong></span> <span class='ocrx_word' id='word_1_206' title='bbox 1925 3826 2088 3892; x_wconf 78' lang='lat' dir='ltr'><strong>vere</strong></span> <span class='ocrx_word' id='word_1_207' title='bbox 2132 3838 2262 3904; x_wconf 86' lang='lat' dir='ltr'><strong>est,</strong></span> <span class='ocrx_word' id='word_1_208' title='bbox 2297 3837 2369 3894; x_wconf 85' lang='lat' dir='ltr'><strong>et</strong></span> <span class='ocrx_word' id='word_1_209' title='bbox 2407 3829 2660 3899; x_wconf 87' lang='lat' dir='ltr'><strong>dicitur</strong></span> <span class='ocrx_word' id='word_1_210' title='bbox 2703 3833 2829 3899; x_wconf 86' lang='lat' dir='ltr'><strong>do-</strong></span> 
     </span>
     <span class='ocr_line' id='line_1_35' title="bbox 931 3926 2830 4015; baseline 0.005 -25"><span class='ocrx_word' id='word_1_211' title='bbox 931 3945 1087 3990; x_wconf 89' lang='lat' dir='ltr'><strong>mus</strong></span> <span class='ocrx_word' id='word_1_212' title='bbox 1120 3926 1279 4002; x_wconf 92' lang='lat' dir='ltr'><strong>Dei,</strong></span> <span class='ocrx_word' id='word_1_213' title='bbox 1316 3946 1471 4009; x_wconf 84' lang='lat' dir='ltr'><strong>quae</strong></span> <span class='ocrx_word' id='word_1_214' title='bbox 1504 3934 1575 3992; x_wconf 91' lang='lat' dir='ltr'><strong>et</strong></span> <span class='ocrx_word' id='word_1_215' title='bbox 1617 3947 1742 4010; x_wconf 87' lang='lat' dir='ltr'><strong>per</strong></span> <span class='ocrx_word' id='word_1_216' title='bbox 1768 3927 2038 3996; x_wconf 84' lang='lat' dir='ltr'><strong>labrum</strong></span> <span class='ocrx_word' id='word_1_217' title='bbox 2077 3928 2506 4010; x_wconf 80' lang='lat' dir='ltr'><strong>designatur,</strong></span> <span class='ocrx_word' id='word_1_218' title='bbox 2537 3932 2704 4015; x_wconf 88' lang='lat' dir='ltr'><strong>quia</strong></span> <span class='ocrx_word' id='word_1_219' title='bbox 2733 3934 2830 4000; x_wconf 89' lang='lat' dir='ltr'><strong>ibi</strong></span> 
     </span>
     <span class='ocr_line' id='line_1_36' title="bbox 905 4027 2832 4118; baseline 0.008 -31"><span class='ocrx_word' id='word_1_220' title='bbox 905 4034 1375 4106; x_wconf 83' lang='lat' dir='ltr'><strong>peccatorum</strong></span> <span class='ocrx_word' id='word_1_221' title='bbox 1430 4027 1670 4092; x_wconf 87' lang='lat' dir='ltr'><strong>sordes</strong></span> <span class='ocrx_word' id='word_1_222' title='bbox 1714 4029 1949 4092; x_wconf 85' lang='lat' dir='ltr'><strong>multis</strong></span> <span class='ocrx_word' id='word_1_223' title='bbox 1989 4028 2212 4093; x_wconf 89' lang='lat' dir='ltr'><strong>modis</strong></span> <span class='ocrx_word' id='word_1_224' title='bbox 2255 4027 2636 4109; x_wconf 87' lang='lat' dir='ltr'><strong>diluuntur,</strong></span> <span class='ocrx_word' id='word_1_225' title='bbox 2671 4053 2832 4118; x_wconf 73' lang='lat' dir='ltr'><strong>quae</strong></span> 
     </span>
     <span class='ocr_line' id='line_1_37' title="bbox 932 4123 2832 4212; baseline 0.006 -26"><span class='ocrx_word' id='word_1_226' title='bbox 932 4123 1376 4196; x_wconf 84' lang='lat' dir='ltr'><strong>nihilominus</strong></span> <span class='ocrx_word' id='word_1_227' title='bbox 1412 4147 1536 4209; x_wconf 88' lang='lat' dir='ltr'><strong>per</strong></span> <span class='ocrx_word' id='word_1_228' title='bbox 1582 4147 1893 4196; x_wconf 87' lang='lat' dir='ltr'><strong>mensam</strong></span> <span class='ocrx_word' id='word_1_229' title='bbox 1929 4127 2296 4210; x_wconf 82' lang='lat' dir='ltr'><strong>figuratur,</strong></span> <span class='ocrx_word' id='word_1_230' title='bbox 2331 4130 2498 4212; x_wconf 82' lang='lat' dir='ltr'><strong>quia</strong></span> <span class='ocrx_word' id='word_1_231' title='bbox 2531 4131 2628 4202; x_wconf 90' lang='lat' dir='ltr'><strong>ibi</strong></span> <span class='ocrx_word' id='word_1_232' title='bbox 2665 4134 2832 4200; x_wconf 76' lang='lat' dir='ltr'><strong>vitae</strong></span> 
     </span>
     <span class='ocr_line' id='line_1_38' title="bbox 929 4226 2834 4313; baseline 0.004 -21"><span class='ocrx_word' id='word_1_233' title='bbox 929 4232 1209 4292; x_wconf 77' lang='lat' dir='ltr'><strong>aeternae</strong></span> <span class='ocrx_word' id='word_1_234' title='bbox 1263 4226 1522 4295; x_wconf 87' lang='lat' dir='ltr'><strong>fercula</strong></span> <span class='ocrx_word' id='word_1_235' title='bbox 1555 4234 2092 4312; x_wconf 84' lang='lat' dir='ltr'><strong>proponuntur,</strong></span> <span class='ocrx_word' id='word_1_236' title='bbox 2117 4279 2128 4313; x_wconf 26' lang='grc' dir='ltr'><strong>Ι.</strong></span> <span class='ocrx_word' id='word_1_237' title='bbox 2149 4247 2287 4296; x_wconf 88' lang='lat' dir='ltr'><strong>non</strong></span> <span class='ocrx_word' id='word_1_238' title='bbox 2338 4228 2564 4294; x_wconf 81' lang='lat' dir='ltr'><strong>solum</strong></span> <span class='ocrx_word' id='word_1_239' title='bbox 2617 4235 2834 4304; x_wconf 83' lang='lat' dir='ltr'><strong>susti-</strong></span> 
     </span>
    </p>
   </div>
  </div>
 </body>
</html>
