<?xml version="1.0" encoding="UTF-8"?>
<!DOCTYPE html PUBLIC "-//W3C//DTD XHTML 1.0 Transitional//EN"
    "http://www.w3.org/TR/xhtml1/DTD/xhtml1-transitional.dtd">
<html xmlns="http://www.w3.org/1999/xhtml" xml:lang="en" lang="en">
 <head>
  <title>
</title>
<meta http-equiv="Content-Type" content="text/html;charset=utf-8" />
  <meta name='ocr-system' content='tesseract 3.04.00' />
  <meta name='ocr-capabilities' content='ocr_page ocr_carea ocr_par ocr_line ocrx_word'/>
</head>
<body>
  <div class='ocr_page' id='page_1' title='image "./gestastephanire01sewegoog_0097.png"; bbox 0 0 3167 5009; ppageno 0'>
   <div class='ocr_carea' id='block_1_1' title="bbox 838 437 2114 506">
    <p class='ocr_par' dir='ltr' id='par_1_1' title="bbox 838 437 2114 506">
     <span class='ocr_line' id='line_1_1' title="bbox 838 437 2114 506; baseline -0.001 -8"><span class='ocrx_word' id='word_1_1' title='bbox 838 437 927 504; x_wconf 86' lang='grc'><strong>78</strong></span> <span class='ocrx_word' id='word_1_2' title='bbox 1452 451 1681 499; x_wconf 73' lang='lat' dir='ltr'><strong>css&#39;rA</strong></span> <span class='ocrx_word' id='word_1_3' title='bbox 1729 449 2114 506; x_wconf 75' lang='lat' dir='ltr'><strong>STEPHANI,</strong></span> 
     </span>
    </p>
   </div>
   <div class='ocr_carea' id='block_1_2' title="bbox 506 607 2750 904">
    <p class='ocr_par' dir='ltr' id='par_1_2' title="bbox 506 607 2750 904">
     <span class='ocr_line' id='line_1_2' title="bbox 841 607 2747 693; baseline -0.002 -15"><span class='ocrx_word' id='word_1_4' title='bbox 841 620 1253 679; x_wconf 87' lang='lat' dir='ltr'><strong>testamento</strong></span> <span class='ocrx_word' id='word_1_5' title='bbox 1298 611 1791 686; x_wconf 72' lang='lat' dir='ltr'><strong>haereditando,</strong></span> <span class='ocrx_word' id='word_1_6' title='bbox 1823 610 2026 674; x_wconf 83' lang='lat' dir='ltr'><strong>enixe</strong></span> <span class='ocrx_word' id='word_1_7' title='bbox 2075 607 2508 693; x_wconf 79' lang='lat' dir='ltr'><strong>supplicavit.</strong></span> <span class='ocrx_word' id='word_1_8' title='bbox 2613 611 2747 676; x_wconf 88' lang='lat' dir='ltr'><strong>Sed</strong></span> 
     </span>
     <span class='ocr_line' id='line_1_3' title="bbox 506 710 2750 794; baseline 0.002 -22"><span class='ocrx_word' id='word_1_9' title='bbox 506 733 671 794; x_wconf 57' lang='lat' dir='ltr'><strong>ramng</strong></span> <span class='ocrx_word' id='word_1_10' title='bbox 688 733 735 773; x_wconf 74' lang='lat' dir='ltr'>m</span> <span class='ocrx_word' id='word_1_11' title='bbox 842 714 1001 780; x_wconf 74' lang='lat' dir='ltr'><strong>cum</strong></span> <span class='ocrx_word' id='word_1_12' title='bbox 1024 714 1237 790; x_wconf 80' lang='lat' dir='ltr'><strong>duriS,</strong></span> <span class='ocrx_word' id='word_1_13' title='bbox 1260 720 1330 778; x_wconf 89' lang='lat' dir='ltr'><strong>et</strong></span> <span class='ocrx_word' id='word_1_14' title='bbox 1358 712 1734 776; x_wconf 80' lang='lat' dir='ltr'><strong>inhonestis</strong></span> <span class='ocrx_word' id='word_1_15' title='bbox 1764 711 2150 774; x_wconf 87' lang='lat' dir='ltr'><strong>conviciata</strong></span> <span class='ocrx_word' id='word_1_16' title='bbox 2179 710 2469 794; x_wconf 86' lang='lat' dir='ltr'><strong>injuriis,</strong></span> <span class='ocrx_word' id='word_1_17' title='bbox 2494 710 2750 793; x_wconf 88' lang='lat' dir='ltr'><strong>¹neque</strong></span> 
     </span>
     <span class='ocr_line' id='line_1_4' title="bbox 506 784 2750 904; baseline 0.001 -31"><span class='ocrx_word' id='word_1_18' title='bbox 506 784 782 873; x_wconf 55' lang='lat' dir='ltr'><strong>ffiffssffl‘ssffl’</strong></span> <span class='ocrx_word' id='word_1_19' title='bbox 843 816 1020 904; x_wconf 86' lang='lat' dir='ltr'><strong>ipsa,</strong></span> <span class='ocrx_word' id='word_1_20' title='bbox 1048 833 1270 896; x_wconf 89' lang='lat' dir='ltr'><strong>neque</strong></span> <span class='ocrx_word' id='word_1_21' title='bbox 1314 814 1437 889; x_wconf 89' lang='lat' dir='ltr'><strong>illi,</strong></span> <span class='ocrx_word' id='word_1_22' title='bbox 1470 813 1590 894; x_wconf 91' lang='lat' dir='ltr'><strong>qui</strong></span> <span class='ocrx_word' id='word_1_23' title='bbox 1615 813 1768 876; x_wconf 84' lang='lat' dir='ltr'><strong>vice</strong></span> <span class='ocrx_word' id='word_1_24' title='bbox 1813 811 1994 874; x_wconf 88' lang='lat' dir='ltr'><strong>illius</strong></span> <span class='ocrx_word' id='word_1_25' title='bbox 2039 809 2493 900; x_wconf 84' lang='lat' dir='ltr'>supplicaturi</span> <span class='ocrx_word' id='word_1_26' title='bbox 2521 831 2750 876; x_wconf 88' lang='lat' dir='ltr'><strong>acces-</strong></span> 
     </span>
    </p>
   </div>
   <div class='ocr_carea' id='block_1_3' title="bbox 508 888 719 923">
    <p class='ocr_par' dir='ltr' id='par_1_3' title="bbox 508 888 719 923">
     <span class='ocr_line' id='line_1_5' title="bbox 508 888 719 923; baseline -0.005 0"><span class='ocrx_word' id='word_1_27' title='bbox 508 895 657 923; x_wconf 78' lang='lat' dir='ltr'><strong>course</strong></span> <span class='ocrx_word' id='word_1_28' title='bbox 674 888 719 922; x_wconf 86' lang='lat' dir='ltr'><strong>to</strong></span> 
     </span>
    </p>
   </div>
   <div class='ocr_carea' id='block_1_4' title="bbox 504 911 2748 1998">
    <p class='ocr_par' dir='ltr' id='par_1_4' title="bbox 504 911 2748 1998">
     <span class='ocr_line' id='line_1_6' title="bbox 509 911 2748 995; baseline -0.001 -16"><span class='ocrx_word' id='word_1_29' title='bbox 509 945 637 981; x_wconf 73' lang='lat' dir='ltr'><strong>arms,</strong></span> <span class='ocrx_word' id='word_1_30' title='bbox 660 934 766 994; x_wconf 40' lang='lat' dir='ltr'><strong>and.</strong></span> <span class='ocrx_word' id='word_1_31' title='bbox 839 922 1096 993; x_wconf 82' lang='lat' dir='ltr'><strong>serant,</strong></span> <span class='ocrx_word' id='word_1_32' title='bbox 1148 934 1303 978; x_wconf 80' lang='lat' dir='ltr'><strong>suae·</strong></span> <span class='ocrx_word' id='word_1_33' title='bbox 1347 911 1695 995; x_wconf 82' lang='lat' dir='ltr'><strong>petitionis</strong></span> <span class='ocrx_word' id='word_1_34' title='bbox 1759 919 2108 994; x_wconf 86' lang='lat' dir='ltr'><strong>compotes</strong></span> <span class='ocrx_word' id='word_1_35' title='bbox 2168 911 2596 989; x_wconf 82' lang='lat' dir='ltr'><strong>exstiterant,</strong></span> <span class='ocrx_word' id='word_1_36' title='bbox 2641 933 2748 976; x_wconf 89' lang='lat' dir='ltr'><strong>re-</strong></span> 
     </span>
     <span class='ocr_line' id='line_1_7' title="bbox 504 984 2746 1098; baseline 0.001 -25"><span class='ocrx_word' id='word_1_37' title='bbox 504 984 819 1084; x_wconf 50' lang='lat' dir='ltr'><strong>&amp;2¹32ssssss</strong></span> <span class='ocrx_word' id='word_1_38' title='bbox 843 1016 1029 1096; x_wconf 84' lang='lat' dir='ltr'><strong>gina,</strong></span> <span class='ocrx_word' id='word_1_39' title='bbox 1060 1015 1246 1098; x_wconf 92' lang='lat' dir='ltr'><strong>quod</strong></span> <span class='ocrx_word' id='word_1_40' title='bbox 1277 1033 1481 1096; x_wconf 84' lang='lat' dir='ltr'><strong>prece</strong></span> <span class='ocrx_word' id='word_1_41' title='bbox 1511 1033 1650 1076; x_wconf 90' lang='lat' dir='ltr'><strong>non</strong></span> <span class='ocrx_word' id='word_1_42' title='bbox 1677 1012 1922 1088; x_wconf 86' lang='lat' dir='ltr'><strong>valuit,</strong></span> <span class='ocrx_word' id='word_1_43' title='bbox 1951 1012 2159 1076; x_wconf 89' lang='lat' dir='ltr'><strong>armis</strong></span> <span class='ocrx_word' id='word_1_44' title='bbox 2186 1010 2556 1093; x_wconf 88' lang='lat' dir='ltr'><strong>impetrare</strong></span> <span class='ocrx_word' id='word_1_45' title='bbox 2585 1032 2746 1076; x_wconf 89' lang='lat' dir='ltr'><strong>con-</strong></span> 
     </span>
     <span class='ocr_line' id='line_1_8' title="bbox 507 1085 2746 1197; baseline -0.001 -18"><span class='ocrx_word' id='word_1_46' title='bbox 507 1087 551 1123; x_wconf 61' lang='grc' dir='ltr'><strong><em>ω</em></strong></span> <span class='ocrx_word' id='word_1_47' title='bbox 569 1085 761 1126; x_wconf 47' lang='lat' dir='ltr'><strong>mmm</strong></span> <span class='ocrx_word' id='word_1_48' title='bbox 842 1115 1082 1193; x_wconf 89' lang='lat' dir='ltr'><strong>fidens,</strong></span> <span class='ocrx_word' id='word_1_49' title='bbox 1130 1113 1754 1197; x_wconf 88' lang='lat' dir='ltr'><strong>splendidissimum</strong></span> <span class='ocrx_word' id='word_1_50' title='bbox 1810 1111 2247 1176; x_wconf 84' lang='lat' dir='ltr'><strong>militantium</strong></span> <span class='ocrx_word' id='word_1_51' title='bbox 2320 1111 2529 1175; x_wconf 90' lang='lat' dir='ltr'><strong>decus</strong></span> <span class='ocrx_word' id='word_1_52' title='bbox 2587 1120 2746 1177; x_wconf 90' lang='lat' dir='ltr'><strong>ante</strong></span> 
     </span>
     <span class='ocr_line' id='line_1_9' title="bbox 842 1210 2744 1292; baseline -0.002 -12"><span class='ocrx_word' id='word_1_53' title='bbox 842 1215 1257 1290; x_wconf 80' lang='lat' dir='ltr'><strong>LondoniaS,</strong></span> <span class='ocrx_word' id='word_1_54' title='bbox 1310 1234 1401 1280; x_wconf 82' lang='lat' dir='ltr'><strong>ex</strong></span> <span class='ocrx_word' id='word_1_55' title='bbox 1458 1210 1678 1277; x_wconf 73' lang='lat' dir='ltr'><strong>altera</strong></span> <span class='ocrx_word' id='word_1_56' title='bbox 1737 1211 1929 1275; x_wconf 89' lang='lat' dir='ltr'><strong>fluvii</strong></span> <span class='ocrx_word' id='word_1_57' title='bbox 1985 1211 2287 1292; x_wconf 84' lang='lat' dir='ltr'><strong>regione,</strong></span> <span class='ocrx_word' id='word_1_58' title='bbox 2346 1213 2744 1289; x_wconf 86' lang='lat' dir='ltr'><strong>transmisit,</strong></span> 
     </span>
     <span class='ocr_line' id='line_1_10' title="bbox 839 1309 2746 1399; baseline -0.003 -18"><span class='ocrx_word' id='word_1_59' title='bbox 839 1323 1053 1399; x_wconf 85' lang='lat' dir='ltr'><strong>utque</strong></span> <span class='ocrx_word' id='word_1_60' title='bbox 1099 1321 1329 1397; x_wconf 90' lang='lat' dir='ltr'><strong>raptu,</strong></span> <span class='ocrx_word' id='word_1_61' title='bbox 1382 1321 1451 1377; x_wconf 89' lang='lat' dir='ltr'><strong>et</strong></span> <span class='ocrx_word' id='word_1_62' title='bbox 1499 1311 1838 1388; x_wconf 88' lang='lat' dir='ltr'><strong>incendio,</strong></span> <span class='ocrx_word' id='word_1_63' title='bbox 1883 1309 2234 1388; x_wconf 73' lang='lat' dir='ltr'><strong>violentia,</strong></span> <span class='ocrx_word' id='word_1_64' title='bbox 2271 1317 2340 1376; x_wconf 89' lang='lat' dir='ltr'><strong>et</strong></span> <span class='ocrx_word' id='word_1_65' title='bbox 2385 1311 2618 1392; x_wconf 86' lang='lat' dir='ltr'><strong>gladio</strong></span> <span class='ocrx_word' id='word_1_66' title='bbox 2677 1313 2746 1376; x_wconf 90' lang='lat' dir='ltr'><strong>in</strong></span> 
     </span>
     <span class='ocr_line' id='line_1_11' title="bbox 839 1411 2748 1494; baseline -0.002 -14"><span class='ocrx_word' id='word_1_67' title='bbox 839 1416 1230 1492; x_wconf 78' lang='lat' dir='ltr'><strong>comitissae,</strong></span> <span class='ocrx_word' id='word_1_68' title='bbox 1240 1432 1656 1494; x_wconf 87' lang='lat' dir='ltr'><strong>suorumque</strong></span> <span class='ocrx_word' id='word_1_69' title='bbox 1676 1418 2066 1494; x_wconf 87' lang='lat' dir='ltr'><strong>prospectu,</strong></span> <span class='ocrx_word' id='word_1_70' title='bbox 2080 1411 2551 1476; x_wconf 77' lang='lat' dir='ltr'><strong>ardentissime</strong></span> <span class='ocrx_word' id='word_1_71' title='bbox 2565 1412 2748 1477; x_wconf 87' lang='lat' dir='ltr'><strong>circa</strong></span> 
     </span>
     <span class='ocr_line' id='line_1_12' title="bbox 839 1510 2748 1594; baseline -0.002 -14"><span class='ocrx_word' id='word_1_72' title='bbox 839 1516 1185 1580; x_wconf 83' lang='lat' dir='ltr'><strong>civitatem</strong></span> <span class='ocrx_word' id='word_1_73' title='bbox 1255 1513 1685 1589; x_wconf 77' lang='lat' dir='ltr'><strong>desaevirent,</strong></span> <span class='ocrx_word' id='word_1_74' title='bbox 1752 1511 2102 1594; x_wconf 87' lang='lat' dir='ltr'><strong>praecepit.</strong></span> <span class='ocrx_word' id='word_1_75' title='bbox 2238 1510 2748 1577; x_wconf 86' lang='lat' dir='ltr'><strong>Londonienses</strong></span> 
     </span>
     <span class='ocr_line' id='line_1_13' title="bbox 838 1611 2747 1698; baseline -0.001 -20"><span class='ocrx_word' id='word_1_76' title='bbox 838 1617 1051 1698; x_wconf 79' lang='lat' dir='ltr'><strong>igitur</strong></span> <span class='ocrx_word' id='word_1_77' title='bbox 1070 1613 1438 1697; x_wconf 90' lang='lat' dir='ltr'><strong>plurimum</strong></span> <span class='ocrx_word' id='word_1_78' title='bbox 1460 1613 1744 1693; x_wconf 80' lang='lat' dir='ltr'><strong>anxiati,</strong></span> <span class='ocrx_word' id='word_1_79' title='bbox 1768 1612 1947 1689; x_wconf 89' lang='lat' dir='ltr'><strong>hinc,</strong></span> <span class='ocrx_word' id='word_1_80' title='bbox 1968 1613 2134 1694; x_wconf 91' lang='lat' dir='ltr'><strong>quia</strong></span> <span class='ocrx_word' id='word_1_81' title='bbox 2162 1611 2234 1676; x_wconf 92' lang='lat' dir='ltr'><strong>in</strong></span> <span class='ocrx_word' id='word_1_82' title='bbox 2263 1630 2499 1675; x_wconf 89' lang='lat' dir='ltr'><strong>eorum</strong></span> <span class='ocrx_word' id='word_1_83' title='bbox 2529 1613 2747 1677; x_wconf 86' lang='lat' dir='ltr'><strong>oculis</strong></span> 
     </span>
     <span class='ocr_line' id='line_1_14' title="bbox 839 1711 2747 1798; baseline -0.002 -19"><span class='ocrx_word' id='word_1_84' title='bbox 839 1715 1067 1798; x_wconf 88' lang='lat' dir='ltr'><strong>patria</strong></span> <span class='ocrx_word' id='word_1_85' title='bbox 1147 1714 1561 1790; x_wconf 87' lang='lat' dir='ltr'><strong>nudabatur,</strong></span> <span class='ocrx_word' id='word_1_86' title='bbox 1659 1711 2024 1794; x_wconf 86' lang='lat' dir='ltr'><strong>hostilique</strong></span> <span class='ocrx_word' id='word_1_87' title='bbox 2097 1711 2606 1794; x_wconf 75' lang='lat' dir='ltr'><strong>depraedatione</strong></span> <span class='ocrx_word' id='word_1_88' title='bbox 2677 1713 2747 1776; x_wconf 92' lang='lat' dir='ltr'><strong>in</strong></span> 
     </span>
     <span class='ocr_line' id='line_1_15' title="bbox 840 1811 2748 1894; baseline -0.001 -16"><span class='ocrx_word' id='word_1_89' title='bbox 840 1815 1081 1880; x_wconf 89' lang='lat' dir='ltr'><strong>domos</strong></span> <span class='ocrx_word' id='word_1_90' title='bbox 1125 1814 1361 1878; x_wconf 87' lang='lat' dir='ltr'><strong>hericii</strong></span> <span class='ocrx_word' id='word_1_91' title='bbox 1377 1812 1401 1846; x_wconf 69' lang='lat'>⁹</span> <span class='ocrx_word' id='word_1_92' title='bbox 1429 1813 1890 1894; x_wconf 84' lang='lat' dir='ltr'><strong>redigebatur,</strong></span> <span class='ocrx_word' id='word_1_93' title='bbox 1923 1832 2050 1876; x_wconf 89' lang='lat' dir='ltr'><strong>nec</strong></span> <span class='ocrx_word' id='word_1_94' title='bbox 2089 1812 2208 1893; x_wconf 91' lang='lat' dir='ltr'><strong>qui</strong></span> <span class='ocrx_word' id='word_1_95' title='bbox 2251 1811 2748 1893; x_wconf 83' lang='lat' dir='ltr'><strong>suffragaretur</strong></span> 
     </span>
     <span class='ocr_line' id='line_1_16' title="bbox 506 1911 2747 1998; baseline 0 -22"><span class='ocrx_word' id='word_1_96' title='bbox 506 1936 599 1976; x_wconf 61' lang='lat' dir='ltr'><strong>rna</strong></span> <span class='ocrx_word' id='word_1_97' title='bbox 615 1935 791 1976; x_wconf 59' lang='lat' dir='ltr'><strong>cuneus</strong></span> <span class='ocrx_word' id='word_1_98' title='bbox 838 1916 912 1980; x_wconf 88' lang='lat' dir='ltr'><strong>in</strong></span> <span class='ocrx_word' id='word_1_99' title='bbox 956 1921 1279 1998; x_wconf 89' lang='lat' dir='ltr'><strong>promptu</strong></span> <span class='ocrx_word' id='word_1_100' title='bbox 1320 1913 1726 1989; x_wconf 82' lang='lat' dir='ltr'><strong>habebatur,</strong></span> <span class='ocrx_word' id='word_1_101' title='bbox 1781 1912 1963 1988; x_wconf 89' lang='lat' dir='ltr'><strong>inde,</strong></span> <span class='ocrx_word' id='word_1_102' title='bbox 2008 1912 2172 1995; x_wconf 91' lang='lat' dir='ltr'><strong>quia</strong></span> <span class='ocrx_word' id='word_1_103' title='bbox 2222 1932 2402 1976; x_wconf 89' lang='lat' dir='ltr'><strong>nova</strong></span> <span class='ocrx_word' id='word_1_104' title='bbox 2452 1911 2573 1976; x_wconf 92' lang='lat' dir='ltr'><strong>illa</strong></span> <span class='ocrx_word' id='word_1_105' title='bbox 2625 1912 2747 1977; x_wconf 91' lang='lat' dir='ltr'><strong>do-</strong></span> 
     </span>
    </p>
   </div>
   <div class='ocr_carea' id='block_1_5' title="bbox 505 1986 753 2033">
    <p class='ocr_par' dir='ltr' id='par_1_5' title="bbox 505 1986 753 2033">
     <span class='ocr_line' id='line_1_17' title="bbox 505 1986 753 2033; baseline 0.004 -8"><span class='ocrx_word' id='word_1_106' title='bbox 505 1986 555 2025; x_wconf 74' lang='lat' dir='ltr'><strong>or</strong></span> <span class='ocrx_word' id='word_1_107' title='bbox 567 1987 653 2026; x_wconf 85' lang='lat' dir='ltr'><strong>Lon</strong></span> <span class='ocrx_word' id='word_1_108' title='bbox 658 1987 753 2033; x_wconf 85' lang='lat' dir='ltr'><strong>don,</strong></span> 
     </span>
    </p>
   </div>
   <div class='ocr_carea' id='block_1_6' title="bbox 504 2012 2748 2194">
    <p class='ocr_par' dir='ltr' id='par_1_6' title="bbox 504 2012 2748 2194">
     <span class='ocr_line' id='line_1_18' title="bbox 509 2012 2748 2086; baseline 0.001 -11"><span class='ocrx_word' id='word_1_109' title='bbox 509 2038 634 2086; x_wconf 78' lang='lat' dir='ltr'><strong>being</strong></span> <span class='ocrx_word' id='word_1_110' title='bbox 650 2037 695 2076; x_wconf 82' lang='lat' dir='ltr'><strong>ln</strong></span> <span class='ocrx_word' id='word_1_111' title='bbox 710 2037 818 2076; x_wconf 83' lang='lat' dir='ltr'><strong>diffi·</strong></span> <span class='ocrx_word' id='word_1_112' title='bbox 842 2016 1028 2080; x_wconf 88' lang='lat' dir='ltr'><strong>mina</strong></span> <span class='ocrx_word' id='word_1_113' title='bbox 1070 2014 1496 2079; x_wconf 88' lang='lat' dir='ltr'><strong>discretionis</strong></span> <span class='ocrx_word' id='word_1_114' title='bbox 1540 2020 1760 2077; x_wconf 88' lang='lat' dir='ltr'><strong>metas</strong></span> <span class='ocrx_word' id='word_1_115' title='bbox 1789 2012 2276 2077; x_wconf 86' lang='lat' dir='ltr'><strong>transcendens</strong></span> <span class='ocrx_word' id='word_1_116' title='bbox 2304 2012 2748 2077; x_wconf 73' lang='lat' dir='ltr'><strong>immoderate</strong></span> 
     </span>
     <span class='ocr_line' id='line_1_19' title="bbox 504 2087 2748 2194; baseline 0 -19"><span class='ocrx_word' id='word_1_117' title='bbox 504 2087 801 2176; x_wconf 53' lang='lat' dir='ltr'><strong>fiiffi‘o‘ssem‘</strong></span> <span class='ocrx_word' id='word_1_118' title='bbox 844 2136 919 2180; x_wconf 87' lang='lat' dir='ltr'><strong>se</strong></span> <span class='ocrx_word' id='word_1_119' title='bbox 950 2122 1190 2179; x_wconf 91' lang='lat' dir='ltr'><strong>contra</strong></span> <span class='ocrx_word' id='word_1_120' title='bbox 1242 2133 1357 2177; x_wconf 89' lang='lat' dir='ltr'><strong>eos</strong></span> <span class='ocrx_word' id='word_1_121' title='bbox 1406 2113 1739 2194; x_wconf 85' lang='lat' dir='ltr'><strong>erigebat,</strong></span> <span class='ocrx_word' id='word_1_122' title='bbox 1769 2133 1896 2176; x_wconf 90' lang='lat' dir='ltr'><strong>nec</strong></span> <span class='ocrx_word' id='word_1_123' title='bbox 1939 2112 2188 2177; x_wconf 84' lang='lat' dir='ltr'><strong>futurae</strong></span> <span class='ocrx_word' id='word_1_124' title='bbox 2234 2131 2388 2176; x_wconf 87' lang='lat' dir='ltr'><strong>eam</strong></span> <span class='ocrx_word' id='word_1_125' title='bbox 2432 2131 2748 2176; x_wconf 86' lang='lat' dir='ltr'><strong>mansue·</strong></span> 
     </span>
    </p>
   </div>
   <div class='ocr_carea' id='block_1_7' title="bbox 498 2187 2748 3695">
    <p class='ocr_par' dir='ltr' id='par_1_7' title="bbox 498 2187 2748 3196">
     <span class='ocr_line' id='line_1_20' title="bbox 498 2187 2748 2295; baseline -0.001 -15"><span class='ocrx_word' id='word_1_126' title='bbox 498 2187 667 2280; x_wconf 56' lang='grc' dir='ltr'><strong>]ὅῖἷὲιὲ</strong></span> <span class='ocrx_word' id='word_1_127' title='bbox 682 2187 756 2226; x_wconf 68' lang='lat'><strong>⁸¹¹⁶</strong></span> <span class='ocrx_word' id='word_1_128' title='bbox 842 2215 1119 2291; x_wconf 88' lang='lat' dir='ltr'><strong>tudinis,</strong></span> <span class='ocrx_word' id='word_1_129' title='bbox 1177 2213 1289 2279; x_wconf 84' lang='lat' dir='ltr'><strong>vel</strong></span> <span class='ocrx_word' id='word_1_130' title='bbox 1347 2213 1622 2295; x_wconf 89' lang='lat' dir='ltr'><strong>pietatis</strong></span> <span class='ocrx_word' id='word_1_131' title='bbox 1678 2212 2067 2278; x_wconf 84' lang='lat' dir='ltr'><strong>habituram</strong></span> <span class='ocrx_word' id='word_1_132' title='bbox 2126 2231 2294 2293; x_wconf 85' lang='lat' dir='ltr'><strong>erga</strong></span> <span class='ocrx_word' id='word_1_133' title='bbox 2350 2231 2424 2275; x_wconf 88' lang='lat' dir='ltr'><strong>se</strong></span> <span class='ocrx_word' id='word_1_134' title='bbox 2481 2212 2748 2277; x_wconf 77' lang='lat' dir='ltr'><strong>viscera</strong></span> 
     </span>
     <span class='ocr_line' id='line_1_21' title="bbox 839 2312 2746 2398; baseline -0.002 -19"><span class='ocrx_word' id='word_1_135' title='bbox 839 2316 1235 2398; x_wconf 87' lang='lat' dir='ltr'><strong>sperabant,</strong></span> <span class='ocrx_word' id='word_1_136' title='bbox 1295 2312 1453 2377; x_wconf 78' lang='lat' dir='ltr'><strong>cum</strong></span> <span class='ocrx_word' id='word_1_137' title='bbox 1510 2313 1583 2376; x_wconf 92' lang='lat' dir='ltr'><strong>in</strong></span> <span class='ocrx_word' id='word_1_138' title='bbox 1651 2313 1872 2394; x_wconf 89' lang='lat' dir='ltr'><strong>primo</strong></span> <span class='ocrx_word' id='word_1_139' title='bbox 1903 2312 2072 2396; x_wconf 86' lang='lat' dir='ltr'><strong>-jam</strong></span> <span class='ocrx_word' id='word_1_140' title='bbox 2128 2312 2461 2393; x_wconf 80' lang='lat' dir='ltr'><strong>regnandi</strong></span> <span class='ocrx_word' id='word_1_141' title='bbox 2519 2313 2746 2394; x_wconf 89' lang='lat' dir='ltr'><strong>capite</strong></span> 
     </span>
     <span class='ocr_line' id='line_1_22' title="bbox 841 2412 2744 2496; baseline -0.001 -17"><span class='ocrx_word' id='word_1_142' title='bbox 841 2434 1122 2479; x_wconf 89' lang='lat' dir='ltr'><strong>suorum</strong></span> <span class='ocrx_word' id='word_1_143' title='bbox 1167 2433 1605 2496; x_wconf 90' lang='lat' dir='ltr'><strong>nequaquam</strong></span> <span class='ocrx_word' id='word_1_144' title='bbox 1649 2413 1928 2476; x_wconf 87' lang='lat' dir='ltr'><strong>miserta</strong></span> <span class='ocrx_word' id='word_1_145' title='bbox 1968 2412 2426 2478; x_wconf 88' lang='lat' dir='ltr'><strong>intolerabilia</strong></span> <span class='ocrx_word' id='word_1_146' title='bbox 2459 2412 2556 2476; x_wconf 91' lang='lat' dir='ltr'><strong>eis</strong></span> <span class='ocrx_word' id='word_1_147' title='bbox 2586 2431 2744 2494; x_wconf 90' lang='lat' dir='ltr'><strong>pos-</strong></span> 
     </span>
     <span class='ocr_line' id='line_1_23' title="bbox 832 2509 2748 2596; baseline -0.002 -17"><span class='ocrx_word' id='word_1_148' title='bbox 832 2516 1092 2579; x_wconf 89' lang='lat' dir='ltr'><strong>tularet</strong></span> <span class='ocrx_word' id='word_1_149' title='bbox 1127 2535 1142 2579; x_wconf 91' lang='lat'><strong>:</strong></span> <span class='ocrx_word' id='word_1_150' title='bbox 1221 2514 1547 2596; x_wconf 90' lang='lat' dir='ltr'><strong>quocirca</strong></span> <span class='ocrx_word' id='word_1_151' title='bbox 1604 2512 1889 2593; x_wconf 82' lang='lat' dir='ltr'><strong>dignum</strong></span> <span class='ocrx_word' id='word_1_152' title='bbox 1942 2511 2265 2576; x_wconf 90' lang='lat' dir='ltr'><strong>consultu</strong></span> <span class='ocrx_word' id='word_1_153' title='bbox 2319 2509 2748 2596; x_wconf 72' lang='lat' dir='ltr'><strong>judicarunt,</strong></span> 
     </span>
     <span class='ocr_line' id='line_1_24' title="bbox 834 2611 2746 2696; baseline -0.001 -18"><span class='ocrx_word' id='word_1_154' title='bbox 834 2622 914 2679; x_wconf 93' lang='lat' dir='ltr'><strong>ut</strong></span> <span class='ocrx_word' id='word_1_155' title='bbox 940 2635 1101 2679; x_wconf 90' lang='lat' dir='ltr'><strong>cum</strong></span> <span class='ocrx_word' id='word_1_156' title='bbox 1131 2612 1395 2696; x_wconf 76' lang='lat' dir='ltr'><strong>regina,</strong></span> <span class='ocrx_word' id='word_1_157' title='bbox 1436 2613 1652 2696; x_wconf 80' lang='lat' dir='ltr'><strong>paciS,</strong></span> <span class='ocrx_word' id='word_1_158' title='bbox 1687 2618 1756 2676; x_wconf 85' lang='lat' dir='ltr'><strong>et</strong></span> <span class='ocrx_word' id='word_1_159' title='bbox 1785 2611 2384 2676; x_wconf 82' lang='lat' dir='ltr'><strong>confoederationis</strong></span> <span class='ocrx_word' id='word_1_160' title='bbox 2426 2613 2746 2694; x_wconf 89' lang='lat' dir='ltr'><strong>pactione</strong></span> 
     </span>
     <span class='ocr_line' id='line_1_25' title="bbox 832 2711 2747 2796; baseline -0.001 -18"><span class='ocrx_word' id='word_1_161' title='bbox 832 2711 1324 2796; x_wconf 76' lang='lat' dir='ltr'><strong>redintegrata,</strong></span> <span class='ocrx_word' id='word_1_162' title='bbox 1361 2713 1448 2777; x_wconf 93' lang='lat' dir='ltr'><strong>ad</strong></span> <span class='ocrx_word' id='word_1_163' title='bbox 1499 2732 1759 2793; x_wconf 84' lang='lat' dir='ltr'><strong>regem,</strong></span> <span class='ocrx_word' id='word_1_164' title='bbox 1819 2717 1888 2776; x_wconf 88' lang='lat' dir='ltr'><strong>et</strong></span> <span class='ocrx_word' id='word_1_165' title='bbox 1945 2711 2294 2778; x_wconf 87' lang='lat' dir='ltr'><strong>dominum</strong></span> <span class='ocrx_word' id='word_1_166' title='bbox 2354 2731 2398 2776; x_wconf 89' lang='lat' dir='ltr'><strong>a</strong></span> <span class='ocrx_word' id='word_1_167' title='bbox 2456 2711 2747 2776; x_wconf 87' lang='lat' dir='ltr'><strong>vinculis</strong></span> 
     </span>
     <span class='ocr_line' id='line_1_26' title="bbox 835 2810 2743 2894; baseline -0.001 -16"><span class='ocrx_word' id='word_1_168' title='bbox 835 2814 1209 2878; x_wconf 90' lang='lat' dir='ltr'><strong>eruendum</strong></span> <span class='ocrx_word' id='word_1_169' title='bbox 1273 2812 1684 2877; x_wconf 87' lang='lat' dir='ltr'><strong>unanimiter</strong></span> <span class='ocrx_word' id='word_1_170' title='bbox 1760 2811 2270 2894; x_wconf 86' lang='lat' dir='ltr'><strong>conspirarent:</strong></span> <span class='ocrx_word' id='word_1_171' title='bbox 2359 2810 2546 2893; x_wconf 85' lang='lat' dir='ltr'><strong>qued</strong></span> <span class='ocrx_word' id='word_1_172' title='bbox 2619 2832 2743 2894; x_wconf 91' lang='lat' dir='ltr'><strong>pro</strong></span> 
     </span>
     <span class='ocr_line' id='line_1_27' title="bbox 835 2911 2745 2996; baseline -0.001 -20"><span class='ocrx_word' id='word_1_173' title='bbox 835 2933 999 2994; x_wconf 84' lang='lat' dir='ltr'><strong>rege</strong></span> <span class='ocrx_word' id='word_1_174' title='bbox 1028 2913 1231 2977; x_wconf 89' lang='lat' dir='ltr'><strong>nimis</strong></span> <span class='ocrx_word' id='word_1_175' title='bbox 1258 2911 1515 2989; x_wconf 86' lang='lat' dir='ltr'><strong>subite,</strong></span> <span class='ocrx_word' id='word_1_176' title='bbox 1545 2911 1746 2979; x_wconf 82' lang='lat' dir='ltr'><strong>nimis</strong></span> <span class='ocrx_word' id='word_1_177' title='bbox 1776 2918 1846 2976; x_wconf 89' lang='lat' dir='ltr'><strong>et</strong></span> <span class='ocrx_word' id='word_1_178' title='bbox 1880 2911 2243 2976; x_wconf 79' lang='lat' dir='ltr'><strong>indiscrete</strong></span> <span class='ocrx_word' id='word_1_179' title='bbox 2275 2911 2534 2988; x_wconf 90' lang='lat' dir='ltr'><strong>relicto,</strong></span> <span class='ocrx_word' id='word_1_180' title='bbox 2555 2911 2745 2996; x_wconf 87' lang='lat' dir='ltr'><strong>juste</strong></span> 
     </span>
     <span class='ocr_line' id='line_1_28' title="bbox 838 3011 2746 3097; baseline -0.001 -21"><span class='ocrx_word' id='word_1_181' title='bbox 838 3013 1081 3090; x_wconf 88' lang='lat' dir='ltr'><strong>notati,</strong></span> <span class='ocrx_word' id='word_1_182' title='bbox 1114 3013 1495 3097; x_wconf 88' lang='lat' dir='ltr'><strong>injunctam</strong></span> <span class='ocrx_word' id='word_1_183' title='bbox 1544 3011 1678 3075; x_wconf 87' lang='lat' dir='ltr'><strong>sibi</strong></span> <span class='ocrx_word' id='word_1_184' title='bbox 1722 3030 2056 3075; x_wconf 85' lang='lat' dir='ltr'><strong>novorum</strong></span> <span class='ocrx_word' id='word_1_185' title='bbox 2095 3012 2526 3097; x_wconf 85' lang='lat' dir='ltr'><strong>tyrannidem</strong></span> <span class='ocrx_word' id='word_1_186' title='bbox 2571 3031 2746 3094; x_wconf 88' lang='lat' dir='ltr'><strong>quo-</strong></span> 
     </span>
     <span class='ocr_line' id='line_1_29' title="bbox 840 3111 2455 3196; baseline -0.001 -19"><span class='ocrx_word' id='word_1_187' title='bbox 840 3113 1185 3196; x_wconf 89' lang='lat' dir='ltr'><strong>quomodo</strong></span> <span class='ocrx_word' id='word_1_188' title='bbox 1217 3113 1520 3195; x_wconf 88' lang='lat' dir='ltr'><strong>spirante</strong></span> <span class='ocrx_word' id='word_1_189' title='bbox 1555 3111 1782 3176; x_wconf 90' lang='lat' dir='ltr'><strong>adhuc</strong></span> <span class='ocrx_word' id='word_1_190' title='bbox 1816 3131 1980 3192; x_wconf 85' lang='lat' dir='ltr'><strong>rege</strong></span> <span class='ocrx_word' id='word_1_191' title='bbox 2012 3112 2455 3195; x_wconf 89' lang='lat' dir='ltr'><strong>susciperent.</strong></span> 
     </span>
    </p>

    <p class='ocr_par' dir='ltr' id='par_1_8' title="bbox 500 3211 2746 3322">
     <span class='ocr_line' id='line_1_30' title="bbox 500 3211 2746 3322; baseline 0.002 -50"><span class='ocrx_word' id='word_1_192' title='bbox 500 3231 790 3322; x_wconf 43' lang='grc' dir='ltr'><strong>ἷιιιῶῗιὲἷοω</strong></span> <span class='ocrx_word' id='word_1_193' title='bbox 932 3213 1108 3279; x_wconf 82' lang='lat' dir='ltr'><strong>Cum</strong></span> <span class='ocrx_word' id='word_1_194' title='bbox 1160 3213 1327 3296; x_wconf 83' lang='lat' dir='ltr'><strong>erge</strong></span> <span class='ocrx_word' id='word_1_195' title='bbox 1382 3213 1731 3277; x_wconf 85' lang='lat' dir='ltr'><strong>comitissa</strong></span> <span class='ocrx_word' id='word_1_196' title='bbox 1787 3211 1953 3294; x_wconf 91' lang='lat' dir='ltr'><strong>quid</strong></span> <span class='ocrx_word' id='word_1_197' title='bbox 2009 3231 2220 3293; x_wconf 90' lang='lat' dir='ltr'><strong>super</strong></span> <span class='ocrx_word' id='word_1_198' title='bbox 2283 3211 2746 3294; x_wconf 88' lang='lat' dir='ltr'><strong>postulatione</strong></span> 
     </span>
    </p>

    <p class='ocr_par' dir='ltr' id='par_1_9' title="bbox 504 3295 2748 3695">
     <span class='ocr_line' id='line_1_31' title="bbox 504 3295 2746 3396; baseline 0.001 -24"><span class='ocrx_word' id='word_1_199' title='bbox 504 3295 743 3382; x_wconf 57' lang='lat' dir='ltr'><strong>coamens?</strong></span> <span class='ocrx_word' id='word_1_200' title='bbox 840 3312 983 3382; x_wconf 72' lang='lat' dir='ltr'><strong>sua.</strong></span> <span class='ocrx_word' id='word_1_201' title='bbox 1018 3315 1205 3378; x_wconf 85' lang='lat' dir='ltr'><strong>cives</strong></span> <span class='ocrx_word' id='word_1_202' title='bbox 1256 3313 1745 3396; x_wconf 88' lang='lat' dir='ltr'><strong>responderent</strong></span> <span class='ocrx_word' id='word_1_203' title='bbox 1788 3310 2163 3376; x_wconf 83' lang='lat' dir='ltr'><strong>voluntatis</strong></span> <span class='ocrx_word' id='word_1_204' title='bbox 2219 3310 2582 3393; x_wconf 77' lang='lat' dir='ltr'><strong>implendae</strong></span> <span class='ocrx_word' id='word_1_205' title='bbox 2639 3331 2746 3374; x_wconf 89' lang='lat' dir='ltr'><strong>se-</strong></span> 
     </span>
     <span class='ocr_line' id='line_1_32' title="bbox 839 3411 2747 3495; baseline -0.002 -17"><span class='ocrx_word' id='word_1_206' title='bbox 839 3434 1006 3478; x_wconf 91' lang='lat' dir='ltr'><strong>cura</strong></span> <span class='ocrx_word' id='word_1_207' title='bbox 1044 3413 1583 3495; x_wconf 73' lang='lat' dir='ltr'><strong>praestolaretur,</strong></span> <span class='ocrx_word' id='word_1_208' title='bbox 1618 3411 1838 3476; x_wconf 88' lang='lat' dir='ltr'><strong>omnis</strong></span> <span class='ocrx_word' id='word_1_209' title='bbox 1882 3411 2122 3476; x_wconf 84' lang='lat' dir='ltr'><strong>civitas</strong></span> <span class='ocrx_word' id='word_1_210' title='bbox 2153 3411 2553 3476; x_wconf 87' lang='lat' dir='ltr'><strong>sonantibus</strong></span> <span class='ocrx_word' id='word_1_211' title='bbox 2597 3411 2747 3475; x_wconf 86' lang='lat' dir='ltr'><strong>ubi·</strong></span> 
     </span>
     <span class='ocr_line' id='line_1_33' title="bbox 834 3509 2746 3595; baseline -0.002 -18"><span class='ocrx_word' id='word_1_212' title='bbox 834 3533 973 3595; x_wconf 89' lang='lat' dir='ltr'><strong>que</strong></span> <span class='ocrx_word' id='word_1_213' title='bbox 1020 3512 1396 3594; x_wconf 88' lang='lat' dir='ltr'><strong>campanis,</strong></span> <span class='ocrx_word' id='word_1_214' title='bbox 1436 3511 1710 3592; x_wconf 85' lang='lat' dir='ltr'><strong>signum</strong></span> <span class='ocrx_word' id='word_1_215' title='bbox 1759 3509 2076 3575; x_wconf 88' lang='lat' dir='ltr'><strong>videlicet</strong></span> <span class='ocrx_word' id='word_1_216' title='bbox 2103 3510 2212 3582; x_wconf 68' lang='lat' dir='ltr'><strong>,ad</strong></span> <span class='ocrx_word' id='word_1_217' title='bbox 2269 3510 2525 3576; x_wconf 89' lang='lat' dir='ltr'><strong>bellum</strong></span> <span class='ocrx_word' id='word_1_218' title='bbox 2584 3531 2746 3593; x_wconf 91' lang='lat' dir='ltr'><strong>pro-</strong></span> 
     </span>
     <span class='ocr_line' id='line_1_34' title="bbox 836 3597 2748 3695; baseline -0.002 -18"><span class='ocrx_word' id='word_1_219' title='bbox 836 3612 1211 3695; x_wconf 86' lang='lat' dir='ltr'><strong>grediendi,</strong></span> <span class='ocrx_word' id='word_1_220' title='bbox 1261 3612 1350 3675; x_wconf 92' lang='lat' dir='ltr'><strong>ad</strong></span> <span class='ocrx_word' id='word_1_221' title='bbox 1413 3631 1608 3674; x_wconf 91' lang='lat' dir='ltr'><strong>arma</strong></span> <span class='ocrx_word' id='word_1_222' title='bbox 1658 3610 2071 3688; x_wconf 85' lang='lat' dir='ltr'><strong>convolavit,</strong></span> <span class='ocrx_word' id='word_1_223' title='bbox 2117 3597 2488 3693; x_wconf 77' lang='lat' dir='ltr'><strong>omnesque</strong></span> <span class='ocrx_word' id='word_1_224' title='bbox 2536 3630 2748 3674; x_wconf 86' lang='lat' dir='ltr'><strong>unum</strong></span> 
     </span>
    </p>
   </div>
   <div class='ocr_carea' id='block_1_8' title="bbox 834 3710 2747 3787">
    <p class='ocr_par' dir='ltr' id='par_1_10' title="bbox 834 3710 2747 3787">
     <span class='ocr_line' id='line_1_35' title="bbox 834 3710 2747 3787; baseline -0.002 -10"><span class='ocrx_word' id='word_1_225' title='bbox 834 3713 1164 3777; x_wconf 90' lang='lat' dir='ltr'><strong>habentes</strong></span> <span class='ocrx_word' id='word_1_226' title='bbox 1193 3713 1495 3776; x_wconf 90' lang='lat' dir='ltr'><strong>animum</strong></span> <span class='ocrx_word' id='word_1_227' title='bbox 1544 3712 1619 3774; x_wconf 90' lang='lat' dir='ltr'><strong>in</strong></span> <span class='ocrx_word' id='word_1_228' title='bbox 1664 3711 2102 3787; x_wconf 86' lang='lat' dir='ltr'><strong>comitissam,</strong></span> <span class='ocrx_word' id='word_1_229' title='bbox 2133 3718 2203 3776; x_wconf 88' lang='lat' dir='ltr'><strong>et</strong></span> <span class='ocrx_word' id='word_1_230' title='bbox 2247 3730 2410 3776; x_wconf 85' lang='lat' dir='ltr'><strong>suos</strong></span> <span class='ocrx_word' id='word_1_231' title='bbox 2459 3710 2747 3775; x_wconf 88' lang='lat' dir='ltr'><strong>atrocis-</strong></span> 
     </span>
    </p>
   </div>
   <div class='ocr_carea' id='block_1_9' title="bbox 831 3940 2753 4288">
    <p class='ocr_par' dir='ltr' id='par_1_11' title="bbox 831 3940 2753 4288">
     <span class='ocr_line' id='line_1_36' title="bbox 906 3940 2749 4006; baseline -0.001 -14"><span class='ocrx_word' id='word_1_232' title='bbox 906 3940 921 3970; x_wconf 89' lang='lat'><em>¹</em></span> <span class='ocrx_word' id='word_1_233' title='bbox 957 3943 1233 3993; x_wconf 81' lang='lat' dir='ltr'><strong>Duchesne</strong></span> <span class='ocrx_word' id='word_1_234' title='bbox 1275 3943 1443 4004; x_wconf 81' lang='lat' dir='ltr'><strong>reads,</strong></span> <span class='ocrx_word' id='word_1_235' title='bbox 1466 3945 1483 3972; x_wconf 89' lang='lat'>‘</span> <span class='ocrx_word' id='word_1_236' title='bbox 1502 3947 1606 3992; x_wconf 82' lang='lat' dir='ltr'><strong>tam</strong></span> <span class='ocrx_word' id='word_1_237' title='bbox 1646 3943 1762 4004; x_wconf 85' lang='lat' dir='ltr'><strong>ipsa</strong></span> <span class='ocrx_word' id='word_1_238' title='bbox 1813 3946 1924 3991; x_wconf 88' lang='lat' dir='ltr'><strong>text</strong></span> <span class='ocrx_word' id='word_1_239' title='bbox 1956 3943 2004 3992; x_wconf 84' lang='lat' dir='ltr'><strong>is</strong></span> <span class='ocrx_word' id='word_1_240' title='bbox 2036 3945 2094 3992; x_wconf 51' lang='lat' dir='ltr'><strong>&gt;at</strong></span> <span class='ocrx_word' id='word_1_241' title='bbox 2113 3943 2246 3992; x_wconf 78' lang='lat' dir='ltr'><strong>least</strong></span> <span class='ocrx_word' id='word_1_242' title='bbox 2267 3957 2432 4006; x_wconf 78' lang='lat' dir='ltr'><strong>sense,</strong></span> <span class='ocrx_word' id='word_1_243' title='bbox 2463 3941 2635 3993; x_wconf 80' lang='lat' dir='ltr'><strong>which</strong></span> <span class='ocrx_word' id='word_1_244' title='bbox 2661 3941 2749 3991; x_wconf 86' lang='lat' dir='ltr'><strong>the</strong></span> 
     </span>
     <span class='ocr_line' id='line_1_37' title="bbox 834 4011 2752 4075; baseline 0 -13"><span class='ocrx_word' id='word_1_245' title='bbox 834 4028 987 4075; x_wconf 83' lang='lat' dir='ltr'><strong>quam</strong></span> <span class='ocrx_word' id='word_1_246' title='bbox 1022 4018 1073 4062; x_wconf 86' lang='lat' dir='ltr'><strong>et</strong></span> <span class='ocrx_word' id='word_1_247' title='bbox 1093 4014 1205 4074; x_wconf 88' lang='lat' dir='ltr'><strong>illi,’</strong></span> <span class='ocrx_word' id='word_1_248' title='bbox 1230 4014 1414 4062; x_wconf 88' lang='lat' dir='ltr'><strong>etc.·-‘</strong></span> <span class='ocrx_word' id='word_1_249' title='bbox 1430 4011 1764 4074; x_wconf 58' lang='lat' dir='ltr'><strong>exstiterant?</strong></span> <span class='ocrx_word' id='word_1_250' title='bbox 1813 4017 1923 4062; x_wconf 81' lang='lat' dir='ltr'><strong>text</strong></span> <span class='ocrx_word' id='word_1_251' title='bbox 1943 4013 2286 4064; x_wconf 82' lang='lat' dir='ltr'><strong>ofDuchesne</strong></span> <span class='ocrx_word' id='word_1_252' title='bbox 2309 4019 2492 4063; x_wconf 85' lang='lat' dir='ltr'><strong>cannot</strong></span> <span class='ocrx_word' id='word_1_253' title='bbox 2507 4014 2568 4062; x_wconf 85' lang='lat' dir='ltr'><strong>be</strong></span> <span class='ocrx_word' id='word_1_254' title='bbox 2584 4013 2752 4074; x_wconf 84' lang='lat' dir='ltr'><strong>made,</strong></span> 
     </span>
     <span class='ocr_line' id='line_1_38' title="bbox 834 4082 2753 4146; baseline 0 -14"><span class='ocrx_word' id='word_1_255' title='bbox 834 4084 936 4132; x_wconf 86' lang='lat' dir='ltr'><strong>and</strong></span> <span class='ocrx_word' id='word_1_256' title='bbox 971 4084 1025 4132; x_wconf 91' lang='lat' dir='ltr'><strong>in</strong></span> <span class='ocrx_word' id='word_1_257' title='bbox 1057 4083 1141 4133; x_wconf 87' lang='lat' dir='ltr'><strong>the</strong></span> <span class='ocrx_word' id='word_1_258' title='bbox 1167 4085 1363 4146; x_wconf 80' lang='lat' dir='ltr'><strong>margin</strong></span> <span class='ocrx_word' id='word_1_259' title='bbox 1386 4083 1621 4145; x_wconf 83' lang='lat' dir='ltr'><strong>explains</strong></span> <span class='ocrx_word' id='word_1_260' title='bbox 1643 4082 1660 4111; x_wconf 86' lang='lat'>‘</span> <span class='ocrx_word' id='word_1_261' title='bbox 1677 4097 1767 4132; x_wconf 83' lang='lat' dir='ltr'><strong>ex·</strong></span> <span class='ocrx_word' id='word_1_262' title='bbox 1813 4083 2030 4131; x_wconf 85' lang='lat' dir='ltr'><strong>without</strong></span> <span class='ocrx_word' id='word_1_263' title='bbox 2062 4098 2094 4132; x_wconf 87' lang='lat' dir='ltr'><strong>a</strong></span> <span class='ocrx_word' id='word_1_264' title='bbox 2119 4088 2319 4146; x_wconf 82' lang='lat' dir='ltr'><strong>strange</strong></span> <span class='ocrx_word' id='word_1_265' title='bbox 2343 4083 2529 4133; x_wconf 86' lang='lat' dir='ltr'><strong>stretch</strong></span> <span class='ocrx_word' id='word_1_266' title='bbox 2551 4083 2610 4132; x_wconf 83' lang='lat' dir='ltr'><strong>of</strong></span> <span class='ocrx_word' id='word_1_267' title='bbox 2625 4085 2753 4132; x_wconf 86' lang='lat' dir='ltr'><strong>ima·</strong></span> 
     </span>
     <span class='ocr_line' id='line_1_39' title="bbox 835 4153 2060 4215; baseline -0.001 -12"><span class='ocrx_word' id='word_1_268' title='bbox 835 4154 1092 4203; x_wconf 83' lang='lat' dir='ltr'><strong>stiterant’</strong></span> <span class='ocrx_word' id='word_1_269' title='bbox 1152 4155 1223 4215; x_wconf 78' lang='lat' dir='ltr'><strong>by</strong></span> <span class='ocrx_word' id='word_1_270' title='bbox 1265 4155 1282 4181; x_wconf 89' lang='lat'>‘</span> <span class='ocrx_word' id='word_1_271' title='bbox 1300 4168 1398 4202; x_wconf 91' lang='lat' dir='ltr'><strong>non</strong></span> <span class='ocrx_word' id='word_1_272' title='bbox 1456 4154 1766 4203; x_wconf 66' lang='lat' dir='ltr'><strong>existerent!</strong></span> <span class='ocrx_word' id='word_1_273' title='bbox 1816 4153 2060 4215; x_wconf 79' lang='lat' dir='ltr'><strong>gination.</strong></span> 
     </span>
     <span class='ocr_line' id='line_1_40' title="bbox 831 4220 2540 4288; baseline -0.001 -15"><span class='ocrx_word' id='word_1_274' title='bbox 831 4224 941 4273; x_wconf 88' lang='lat' dir='ltr'><strong>The</strong></span> <span class='ocrx_word' id='word_1_275' title='bbox 973 4226 1259 4288; x_wconf 85' lang='lat' dir='ltr'><strong>conjecture</strong></span> <span class='ocrx_word' id='word_1_276' title='bbox 1296 4239 1412 4273; x_wconf 85' lang='lat' dir='ltr'><strong>now</strong></span> <span class='ocrx_word' id='word_1_277' title='bbox 1434 4225 1582 4286; x_wconf 82' lang='lat' dir='ltr'><strong>given</strong></span> <span class='ocrx_word' id='word_1_278' title='bbox 1606 4224 1660 4271; x_wconf 91' lang='lat' dir='ltr'><strong>in</strong></span> <span class='ocrx_word' id='word_1_279' title='bbox 1682 4223 1766 4272; x_wconf 87' lang='lat' dir='ltr'><strong>the</strong></span> <span class='ocrx_word' id='word_1_280' title='bbox 1887 4220 1907 4250; x_wconf 79' lang='lat'>²</span> <span class='ocrx_word' id='word_1_281' title='bbox 1941 4221 2181 4284; x_wconf 81' lang='lat' dir='ltr'><strong>Anglice‚</strong></span> <span class='ocrx_word' id='word_1_282' title='bbox 2204 4238 2237 4272; x_wconf 86' lang='lat' dir='ltr'><strong>a</strong></span> <span class='ocrx_word' id='word_1_283' title='bbox 2259 4221 2540 4285; x_wconf 79' lang='lat' dir='ltr'><strong>hedgehog.</strong></span> 
     </span>
    </p>
   </div>
  </div>
 </body>
</html>
