3167 5009
953 478 1164 533 ηοω
1210 481 1639 529 ANcLonuM.
2170 466 2255 529 17

342 631 714 717 cujuslibet
759 635 1066 715 angariae
1103 636 1406 701 violenta
1455 638 1817 702 exactione
1849 637 2251 719 degravare,
2276 650 2543 746 gffiegtge

344 732 760 797 munuscula
809 734 1147 798 annuaria
1199 736 1351 800 vice
1401 737 1640 801 tributi
1684 739 1772 801 ab
1819 738 1919 801 eis
1951 739 2251 819 exigere,
2278 758 2352 795 the
2368 754 2485 801 reign
2504 750 2553 787 of

344 833 600 896 ostium
629 832 936 897 ecclesiae
971 833 1269 898 Simonis
1313 834 1767 917 frequentius,
1808 834 2016 919 quam
2061 837 2258 901 Petri
2281 808 2425 855 ΗΘΜ
2446 803 2482 842 ¹⁹

346 930 547 995 clave
577 931 920 1009 claudere,
937 932 1045 996 vel
1068 934 1355 1016 aperire.
1425 934 1629 1013 Quod
1655 936 1849 1000 Deus
1868 937 2260 1019 acceptavit

349 1030 660 1115 conjugii
721 1032 1004 1096 bonum.
1039 1032 1351 1116 perfacili
1409 1036 1775 1099 occasione
1838 1035 2253 1115 dissolvere3

352 1128 743 1195 adulterina
805 1130 1146 1196 lenocinia
1202 1132 1384 1197 sicut
1444 1134 1595 1216 ipse
1653 1134 2101 1211 committere,
2156 1136 2260 1199 ita

352 1237 428 1293 et
459 1230 532 1292 in
562 1229 717 1293 aliis
751 1228 1086 1305 tolerare;
1124 1238 1346 1295 terras
1365 1230 1833 1310 ecelesiarum,
1864 1234 2259 1316 pastoribus

352 1328 720 1405 defunctis,
774 1329 846 1392 in
910 1330 1224 1412 proprios
1284 1350 1454 1394 usus
1529 1332 1879 1413 redigere3
1933 1331 2255 1397 altarium

357 1446 846 1511 nonnunquam
875 1429 1260 1493 oblationes
1279 1429 1350 1492 in
1375 1430 1903 1513 praepositorum
1925 1431 2257 1497 laicorum

355 1543 604 1591 manus
643 1528 1073 1604 contradere,
1106 1528 1218 1592 vel
1266 1528 1713 1611 recompensa
1754 1532 1887 1594 sibi
1920 1532 2256 1609 mercede,

358 1628 610 1710 quibus
664 1625 824 1710 jure
912 1626 1270 1704 cedebant,
1346 1627 1604 1711 injuste
1680 1630 2075 1696 concedere.
2182 1631 2253 1695 Si

359 1727 516 1810 quis
550 1733 780 1790 autem
815 1744 905 1789 ex
956 1726 1251 1790 adverso
1297 1728 1673 1793 ascendens
1708 1747 1783 1793 se
1816 1749 2087 1793 murum
2128 1748 2254 1813 pro

362 1826 570 1890 domo
612 1824 832 1889 Israel
871 1824 1079 1889 vellet
1131 1825 1452 1910 objicere,
1500 1826 1952 1911 nefandisque
2013 1829 2254 1911 hujus-

367 1924 551 1989 modi
607 1923 1014 1989 commentis
1069 1924 1534 1989 ecclesiastico
1588 1928 1815 2007 rigore
1869 1946 2251 2004 occurrere,

367 2032 630 2089 terrore
684 2022 870 2087 illius
917 2022 1230 2106 protinus
1274 2043 1630 2107 repressus
1680 2024 1949 2109 injuriis
1992 2027 2253 2108 impeti,

363 2122 789 2188 insecutione
825 2119 1062 2187 valida
1083 2142 1128 2186 a
1171 2142 1247 2186 se
1293 2123 1574 2205 suisque
1606 2124 2091 2189 comministris
2135 2125 2259 2189 tri-

364 2221 616 2299 bulari,
683 2240 810 2285 nec
869 2228 1032 2286 ante
1090 2222 1159 2284 in
1226 2222 1695 2304 postulatione
1773 2222 2084 2306 qualibet
2144 2224 2253 2289 vel

364 2318 796 2405 querimonia
839 2319 1178 2397 exaudiri,
1230 2318 1439 2404 quam
1501 2341 1711 2385 manu
1778 2321 1927 2405 ejus
1973 2321 2256 2388 inuncta

365 2440 558 2485 reum
612 2436 690 2484 se
741 2420 1298 2503 praesumptionis
1347 2420 1418 2483 in
1460 2420 1737 2501 publico
1772 2422 2253 2503 proclamaret.

363 2520 587 2603 Super
636 2519 768 2583 hac
811 2518 1024 2601 igitur
1065 2516 1525 2583 inverecunda
1573 2519 1883 2583 ecclesiae
1916 2520 2257 2602 depressi·
2278 2538 2543 2627 patmon-oft

361 2640 520 2696 one,
549 2614 928 2699 alteraque,
970 2624 1051 2681 ut
1098 2616 1328 2681 verius
1357 2618 1606 2695 dicam,
1636 2616 2024 2683 Pharaonis
2057 2638 2255 2701 gras·
2274 2591 2507 2689 ἔῗὲρῗέἷῗ
2544 2598 2570 2626 ⁰

365 2719 658 2794 satione,
737 2717 806 2780 in
886 2716 1063 2780 facie
1121 2717 1304 2797 regis
1364 2716 1805 2781 vehementer
1871 2718 2255 2801 conquesti,

366 2812 624 2883 obnixe
684 2834 838 2879 eum
905 2815 1474 2897 imploraverunt,
1533 2817 1863 2899 quatinus
1938 2834 2087 2881 suoe
2146 2836 2259 2882 ec-

363 2917 647 2982 clesiam
715 2914 1017 2978 libertati
1084 2913 1420 2989 redderet,
1474 2916 1584 2978 sui
1639 2934 1792 2980 eam
1843 2915 2028 2999 juris
2081 2936 2262 2981 com-

367 3022 602 3099 potem
630 3011 950 3090 efficeret,
984 3012 1170 3076 illius
1193 3012 1512 3078 instituta
1545 3014 1815 3095 legibus
1849 3015 2261 3079 secularium

363 3112 699 3197 praeponi,
740 3112 926 3175 illius
975 3112 1252 3175 decreta
1291 3109 1485 3176 nulla
1528 3114 1797 3177 ratione
1840 3114 2261 3196 praevalente

366 3219 720 3295 pateretur
803 3210 1082 3275 remitti.
1222 3210 1359 3273 His
1433 3216 1664 3273 autem
1724 3230 1851 3274 rex
1913 3213 2260 3293 patienter
2280 3226 2541 3319 mucimus·-

364 3312 643 3389 auditis,
731 3328 1182 3392 quaecumque
1257 3307 1695 3391 postularant
1776 3308 2083 3391 gratuito
2154 3310 2257 3374 eis
2278 3290 2471 3370 ἕὲἶῗιὲῗῗ

361 3410 752 3491 indulgenS,
821 3409 1130 3473 ecclesiae
1189 3407 1577 3473 libertatem
1633 3407 1842 3471 fixam
1908 3415 1979 3472 et
2034 3407 2257 3473 invio-

363 3509 642 3575 labilem
663 3526 840 3585 esse,
855 3507 1042 3570 illius
1071 3514 1342 3571 statuta
1370 3515 1524 3572 rata
1551 3514 1625 3571 et
1648 3508 2082 3585 inconcussa,
2110 3508 2260 3593 ejus
2282 3523 2577 3566 rheumam·

365 3608 720 3673 ministros
781 3606 1276 3691 cujuscumque
1352 3606 1799 3688 professionis
1867 3614 2097 3670 essent
2151 3608 2257 3671 vel
2282 3571 2594 3667 gfflssgfflf‘h

367 3707 649 3783 ordinis,
705 3704 892 3769 omni
943 3701 1330 3770 reverentia
1387 3706 1823 3769 honorandos
1884 3724 2037 3769 esse
2085 3725 2267 3788 prae·

373 3805 580 3889 cepit.
720 3804 1165 3886 Fecissetque
1218 3804 1663 3886 praeceptioni
1704 3822 1851 3867 suae
1903 3803 2101 3879 satis,
2135 3803 2265 3869 nisi

377 3914 450 3969 et
496 3902 969 3967 consiliatores
1019 3902 1350 3985 perversi,
1390 3904 1511 3985 qui
1557 3903 1809 3966 bonum
1857 3902 2269 3983 quandoque

380 4008 787 4087 pervertunt
810 4002 1136 4078 animum,
1165 4008 1237 4065 et
1269 4002 1419 4083 ipsa
1446 4001 1846 4081 indigentiae
1868 4001 2269 4074 necessitas,

385 4121 541 4185 quae
616 4100 878 4165 nullam
940 4100 1162 4181 legem
1226 4100 1337 4163 vel
1392 4100 1724 4164 rationem
1792 4098 2123 4174 admittit,
2183 4100 2269 4163 ad

383 4202 532 4265 haee
565 4198 1025 4279 infringenda,
1072 4200 1253 4262 sicut
1308 4199 1375 4262 in
1408 4198 1987 4281 consequentibus
2044 4197 2273 4261 decla-

1935 4313 1974 4358 (J
