3167 5009
1010 473 1225 524 nsscls
1271 475 1705 526 ANonoauM.
2175 463 2300 528 101

388 643 589 701 catus
632 631 953 701 accessit.
1050 635 1343 716 Verum,
1390 637 1554 720 quia
1602 656 1760 720 quae
1804 634 2090 702 reddere
2134 658 2300 722 spo-

387 735 633 821 pendit
680 737 1125 822 fidejussores
1162 743 1319 821 post
1370 736 1500 802 hoc
1543 737 1935 821 persolvere
1966 740 2294 821 oportuit,

387 837 693 920 dumque
734 837 852 900 uni
886 836 1191 902 ecclesiae
1227 837 1587 915 satisfecit,
1617 837 1974 921 perplures
2008 858 2132 922 per
2162 839 2292 904 hoc
2345 878 2352 884 ·

386 934 767 1020 impediens
830 937 1157 1002 ecclesias
1221 939 1555 1015 oneravit,
1616 957 1910 1020 quorum
1974 946 2289 1020 pastores

385 1037 566 1100 inter
598 1057 697 1114 se,
722 1044 794 1101 et
821 1038 1238 1121 episcopum,
1265 1037 1533 1121 plegios
1562 1057 1713 1101 esse
1743 1037 1993 1120 coegit,
2023 1038 2094 1101 in
2133 1039 2286 1120 ipso

390 1155 598 1214 anno,
623 1135 788 1200 dum
815 1136 885 1200 in
917 1156 1116 1201 sacro
1142 1137 1538 1219 vigiliarum
1559 1137 1987 1214 NativitatiS,
2010 1137 2287 1202 Domini
2312 1154 2614 1199 Μιιοίιιωαι

387 1237 521 1313 die,
552 1237 777 1302 cervis
819 1236 1277 1314 insidiaretur,
1304 1255 1348 1301 a
1389 1237 1628 1314 milite,
1661 1237 1988 1319 sagittam
2030 1237 2290 1321 impru-
2309 1206 2364 1255 b,
2380 1207 2586 1248 'mmm‘

385 1337 627 1400 denter
667 1337 738 1400 in
793 1356 1072 1401 cervum
1116 1337 1474 1418 dirigente,
1519 1344 1762 1421 pectus
1804 1337 2286 1417 transforatuS,

383 1438 533 1501 sine
591 1436 1015 1520 poenitentiae
1085 1435 1315 1501 fructu
1384 1436 1865 1501 miserabiliter
1939 1439 2282 1504 occubuit.

393 1532 614 1623 Cujus
674 1536 988 1600 interitus
1032 1536 1103 1599 in
1153 1537 1499 1600 nonnullis
1545 1537 1900 1615 divitibus,
1941 1555 2026 1602 ne
2069 1539 2286 1603 eccle-

384 1633 640 1701 siarum
670 1633 1137 1719 possessiones
1168 1643 1315 1700 tam
1342 1635 1636 1720 abrupte
1668 1644 1912 1721 postea
1945 1637 2288 1721 pervade·

383 1745 559 1815 rent,
591 1735 946 1818 aliquanto
982 1735 1312 1820 majorem
1353 1742 1684 1800 terrorem
1719 1737 2029 1815 incussit,
2060 1745 2130 1802 et
2172 1759 2280 1802 re-

382 1834 615 1919 liquos
674 1855 801 1918 per
853 1833 1184 1919 Angliam
1241 1836 1602 1920 episcopos
1661 1836 1750 1900 ad
1814 1835 2282 1902 obsistendum

382 1937 703 2021 deinceps
748 1937 1127 2000 temerariae
1167 1935 1457 2000 divitum
1500 1937 2018 2019 praesumptioni
2061 1937 2280 2003 auda·

383 2037 603 2101 ciores
661 2035 908 2101 effecit.
1046 2036 1392 2101 Successit
1446 2035 1689 2100 dehinc
1748 2036 1820 2099 in
1876 2034 2279 2101 comitatum
2304 2061 2350 2102 1·
2375 2061 2608 2104 memma

387 2135 820 2201 Herefordiae
849 2134 1221 2218 RogeriuS,
1258 2135 1541 2200 Milonis
1577 2136 1783 2214 filius,
1810 2135 2090 2220 juvenis
2124 2139 2278 2221 qui-
2304 2113 2538 2214 menon

384 2236 538 2300 dem
570 2243 803 2314 aetate,
834 2236 954 2300 sed
984 2237 1255 2300 eximiae
1285 2236 1649 2320 probitatis
1678 2237 1910 2302 decus,

490 2337 656 2400 Fuit
701 2355 783 2400 eo
819 2334 892 2398 in
927 2341 1255 2417 tempore,
1294 2355 1384 2398 ex
1423 2335 1550 2413 his,
1581 2336 1701 2418 qui
1740 2338 1884 2418 regi
1929 2338 2280 2419 obtempe-
2303 2355 2493 2405 mocon
2509 2355 2570 2395 «ιο

385 2433 657 2514 rabant,
712 2435 1067 2500 Galsridus
1110 2436 1197 2500 de
1244 2434 1702 2517 Magnavilla,
1741 2435 1844 2499 vir
1897 2436 2075 2501 sicut
2113 2457 2278 2519 pru-
2300 2405 2568 2545 ffiffg-m‘

385 2537 611 2601 dentis
642 2534 850 2601 animi
877 2534 1151 2617 ingenio
1183 2535 1605 2618 spectabilis,
1639 2536 1740 2600 ita
1773 2542 1844 2599 et
1871 2536 1942 2599 in
1973 2537 2281 2602 adversis
2379 2506 2438 2554 ⁶’'

382 2635 781 2700 inflexibilis
820 2635 1098 2699 virtutis
1137 2633 1546 2712 constantia,
1576 2635 2029 2718 militarisque
2072 2637 2282 2701 studii

381 2736 725 2821 probitate
760 2734 1223 2815 admirabilis3
1274 2735 1393 2818 qui
1431 2755 1667 2799 omnes
1716 2736 1909 2817 regni
1952 2736 2281 2819 primates

384 2847 455 2902 et
514 2835 901 2900 divitiarum
955 2833 1286 2918 potentia,
1347 2842 1419 2899 et
1480 2835 1840 2918 dignitatis
1903 2836 2283 2901 excedebat

383 2933 775 3021 opulenti&
823 2935 1065 2998 turrim
1103 2954 1377 3018 quoque
1410 2934 1916 3000 Londoniarum
1944 2936 2016 3000 in
2047 2956 2279 3016 manu,
2303 2954 2387 2996 Πι-
2403 2965 2556 3006 pom.

386 3035 508 3100 sed
557 3041 627 3099 et
681 3034 965 3100 castella
1015 3035 1571 3116 inexpugnabilis
1621 3035 2042 3099 fortitudinis
2098 3037 2281 3101 circa

381 3137 726 3200 civitatem
794 3141 1187 3199 constructa
1241 3135 1563 3211 habebat,
1617 3153 2026 3217 omnemque
2082 3137 2279 3217 regni

384 3243 680 3319 partem,
726 3253 883 3317 quae
930 3254 1005 3298 se
1051 3235 1201 3317 regi
1251 3233 1671 3308 subdiderat,
1725 3238 1804 3296 ut
1852 3234 2106 3316 ubique
2156 3253 2281 3317 per

386 3355 672 3417 regnum
702 3334 886 3416 regis
907 3335 1090 3398 vices
1122 3333 1525 3417 adimplenS,
1545 3339 1639 3411 et,
1650 3332 1723 3395 in
1742 3335 1945 3397 rebus
1968 3334 2278 3416 agendis,

387 3432 551 3516 rege
592 3433 861 3498 avidius
906 3434 1373 3512 exaudiretur,
1406 3440 1499 3509 et,
1533 3433 1605 3496 in
1648 3433 2012 3517 praeceptis
2049 3433 2144 3518 inj
2154 3453 2278 3496 un-

386 3534 653 3616 gendis,
681 3534 837 3616 plus
869 3535 930 3597 ei
961 3531 1169 3616 quam
1204 3533 1354 3616 regi
1387 3535 1998 3616 obtemperaretur.
2070 3532 2276 3612 Quod

385 3634 573 3716 aegre
606 3634 899 3698 ferentes
926 3633 1026 3697 illi
1069 3629 1438 3715 praecipue,
1471 3633 1591 3714 qui
1623 3651 1699 3696 se
1727 3632 2150 3697 familiariori
2178 3633 2280 3696 di-

381 3734 672 3800 lectione
722 3734 871 3816 regi
927 3730 1363 3818 conjunctius
1412 3732 1886 3808 devinxerant,
1923 3739 2070 3794 tum
2115 3731 2279 3813 quia

387 3833 769 3911 Galfridus,
826 3840 906 3897 ut
964 3832 1347 3910 videbatur,
1406 3831 1636 3895 omnia
1687 3831 1881 3912 regni
1921 3830 2088 3916 jura
2147 3831 2278 3894 sibi

381 3932 629 3998 callide
682 3931 1077 4015 usurparat,
1129 3940 1277 3997 tum
1331 3931 1495 4014 quia
1544 3950 1856 4013 regnum,
1908 3936 1987 3994 ut
2041 3930 2112 3993 in
2158 3949 2278 3994 ore

376 4031 527 4118 jam
564 4034 755 4115 vulgi
789 4033 1054 4098 celebre
1100 4032 1345 4107 fuerat,
1381 4031 1748 4097 comitissae
1784 4029 2277 4112 Andegavensi

384 4133 695 4198 conferre
734 4133 1190 4216 disposuerat,
1236 4131 1324 4195 ad
1374 4130 1506 4196 hoc
1556 4151 1787 4212 regem
1828 4129 2097 4195 secreta
2127 4150 2277 4213 per·
2301 4146 2346 4186 1·
2364 4148 2541 4187 noea-ed

382 4233 700 4298 suasione
734 4233 1177 4317 impulerunt,
1209 4231 1537 4313 quatinus
1573 4229 1964 4294 Galfridum
1999 4230 2088 4293 de
2119 4248 2277 4311 pro·-
2301 4195 2606 4288 Blfflffl⁸
