3167 5009
544 2102 760 2151 Proposals
779 2103 842 2143 for

541 2153 815 2203 capitulation

547 3107 680 3137 rrrrr
677 3096 694 3145 j
697 3096 817 3135 acted

551 3149 602 3195 by
621 3147 694 3186 the
714 3146 860 3185 advice

866 424 956 489 26
1485 440 1713 489 essu
1758 440 2145 501 srsrnAm,

869 596 1350 661 imbecilliores
1401 596 1743 674 existere:
1812 595 1979 677 quia
2036 595 2283 677 fragile
2338 604 2591 679 corpus
2650 597 2777 660 ho—

871 696 1072 760 minis
1123 703 1288 760 tunc
1327 694 1604 761 demum
1642 702 1971 760 constans
2022 703 2154 772 est,
2207 703 2278 759 et
2328 696 2771 771 convalescit,

873 795 1150 877 quando
1193 802 1462 860 naturae
1508 794 1873 859 sufficienti
1918 802 2353 859 sustentatur
2397 796 2771 860 alimento:

871 894 1029 958 cum
1088 894 1254 959 vero
1307 894 1748 959 imminutum
1804 894 2036 970 fuerit,
2088 894 2200 958 vel
2259 914 2349 958 ex
2402 901 2555 958 toto
2606 897 2768 959 sub-

871 1000 1194 1069 tractum,
1224 994 1569 1058 infirmum
1606 994 1899 1058 habetur
1936 1001 2009 1058 et
2047 993 2325 1057 omnino
2364 993 2768 1059 invalidum.

873 1092 1238 1157 Continuis
1283 1093 1520 1176 itaque
1563 1092 2137 1157 excubationibus
2180 1092 2369 1157 ultra
2400 1092 2772 1157 humanam

870 1193 1262 1274 opinionem
1345 1192 1607 1269 afflicti,
1695 1193 1985 1257 diversis
2054 1212 2447 1274 pugnarum
2524 1193 2773 1270 modis,

868 1311 1046 1373 quos
1098 1293 1184 1357 de
1235 1312 1433 1356 muro
1485 1291 1900 1356 adversariis
1942 1290 2351 1368 inserebant,
2408 1310 2629 1374 usque
2680 1293 2771 1356 ad

869 1391 1213 1455 defectum
1264 1391 1562 1473 fatigati,
1616 1390 1767 1455 sitis
1816 1390 1905 1454 ad
1966 1381 2351 1455 extremum
2410 1389 2645 1467 nimia,
2706 1399 2778 1455 et

869 1489 1287 1553 intolerabili
1361 1489 1781 1553 arefactione
1838 1489 2223 1565 extenuati,
2284 1491 2356 1553 in
2414 1510 2778 1554 commune

871 1590 1003 1653 sibi
1065 1588 1516 1654 consuluere:
1572 1589 1900 1670 quatinus
1948 1588 2283 1653 consultis
2336 1588 2499 1665 illis,
2550 1590 2775 1671 deque

871 1688 1202 1765 interiori,
1252 1686 1392 1771 qua
1419 1689 1877 1763 vexabantur,
1910 1686 2237 1769 angustia
2278 1688 2542 1752 secrete
2570 1690 2777 1752 certi-

874 1786 1122 1865 ficatis,
1195 1807 1490 1869 quorum
1561 1787 1866 1869 impulsu
1928 1787 2313 1851 Baldvinus
2386 1806 2462 1851 se
2534 1795 2781 1851 contra

875 1906 1108 1968 regem
1159 1894 1574 1963 armaverat,
1620 1888 1741 1968 qui
1786 1895 1858 1951 et
1904 1894 2067 1949 tunc
2119 1906 2275 1950 cum
2322 1906 2486 1968 rege
2536 1886 2780 1951 dolose

876 1986 1290 2062 militabant,
1353 1986 1566 2051 salvis
1624 1986 2009 2049 hominibus
2081 1985 2441 2049 castellum
2500 1994 2777 2050 contra-

877 2085 1142 2149 derent.
1235 2085 1306 2149 N
1311 2105 1390 2148 ec
1424 2104 1642 2161 mora,
1672 2085 1939 2148 duobus
1969 2084 2185 2148 totius
2226 2085 2494 2149 castelli
2538 2086 2779 2167 primis

879 2192 951 2247 et
977 2184 1402 2264 dignioribus
1453 2183 1540 2247 ad
1588 2203 1819 2265 regem
1864 2184 2222 2266 delegatiS‚
2253 2186 2373 2266 qui
2400 2192 2471 2248 et
2500 2185 2781 2267 linguas

880 2282 1238 2347 venustius
1289 2303 1558 2360 ornare,
1610 2290 1681 2347 et
1730 2285 1943 2347 verba
1993 2284 2313 2365 quotiens
2364 2285 2781 2367 expediebat

880 2381 1308 2464 prudentiuS,
1340 2390 1410 2447 et
1428 2381 1739 2447 ornatius
1762 2382 2126 2447 immutare
2147 2382 2565 2464 praendrant.
2642 2385 2780 2448 Sed

871 2482 1013 2559 ille,
1045 2482 1278 2546 fratris
1309 2483 1419 2545 sui
1442 2482 1939 2547 wintoniensis
1971 2483 2275 2564 episcopi
2304 2484 2592 2547 consilio
2620 2504 2779 2566 per-

874 2600 1150 2660 suasus,
1180 2582 1472 2645 ferream
1519 2582 1658 2645 illis
1698 2582 2001 2646 frontem
2044 2582 2440 2659 ostendens,
2484 2583 2781 2647 inexau-

872 2681 1057 2744 ditos
1109 2700 1152 2744 a
1199 2679 1573 2763 praesentia
1624 2679 1754 2745 sua
1804 2700 1961 2745 cum
2014 2682 2215 2744 minis
2268 2682 2547 2762 abegit:
2617 2683 2784 2764 quia

877 2781 1268 2861 episcopua,
1312 2780 1427 2844 lax
1437 2778 1504 2857 a,
1544 2787 1615 2843 et
1654 2778 1888 2847 effoeta
1932 2800 2168 2844 eorum
2198 2788 2355 2844 cute
2384 2780 2786 2863 conspecta,

881 2878 1213 2942 militibus
1264 2879 1592 2957 remissiS,
1644 2888 1714 2944 et
1760 2900 1803 2944 a
1846 2879 2150 2943 naturali
2206 2899 2411 2943 succo
2440 2882 2786 2958 vacuatiS,

881 2978 1096 3041 labris
1146 2979 1470 3061 dispanso
1529 2980 1727 3043 hiatu
1780 2979 2124 3055 retractiS,
2160 2977 2410 3043 anhela
2472 3000 2595 3045 eos
2668 2982 2791 3044 siti

882 3077 1197 3142 laborare
1257 3078 1727 3162 deprehendit,
1784 3078 2077 3160 ideoque
2128 3098 2567 3161 nequaquam
2620 3100 2789 3143 con·

550 3198 596 3237 or
610 3198 682 3235 the
701 3196 860 3246 maheu
883 3177 1142 3241 sultum
1193 3198 1346 3243 esse
1391 3178 1873 3261 progrediendi
1918 3178 2004 3241 de
2042 3178 2331 3241 castello
2375 3179 2793 3260 permissum

549 3248 596 3285 of
609 3247 828 3287 winches-

548 3301 626 3345 tet.

551 3495 644 3533 The
663 3494 760 3534 wife
775 3495 824 3533 of

548 3545 741 3584 Baldwin

549 3594 750 3642 petitionis
768 3594 842 3633 the

551 3645 666 3694 King
683 3644 728 3683 ln
743 3644 839 3685 vain

886 3278 986 3341 eis
1033 3279 1415 3361 indulgere,
1445 3277 1605 3342 cum
1654 3285 1882 3341 ratum
1940 3285 2124 3341 esset
2174 3278 2247 3340 in
2296 3278 2618 3359 proximo
2668 3300 2793 3343 eos

885 3377 974 3441 ad
1017 3385 1254 3441 votum
1302 3398 1527 3453 suum,
1585 3396 2019 3458 quocumque
2073 3377 2277 3441 modo
2336 3380 2797 3459 exoptabant,

885 3496 1222 3542 cessuros.
1329 3477 1531 3541 Uxor
1561 3476 1771 3538 etiam
1797 3475 2122 3539 Baldvini
2150 3477 2394 3540 duram
2424 3476 2605 3541 hanc
2635 3498 2797 3543 suo-

883 3596 1037 3640 rum
1087 3576 1545 3659 repulsionem
1590 3593 1731 3637 non
1772 3573 2019 3650 ferens,
2050 3575 2239 3640 nuda
2280 3576 2514 3658 pedeS‚
2545 3596 2800 3659 sparsa

846 3672 1183 3758 'scapulis
1217 3676 1464 3750 crineS,
1493 3673 1729 3754 largos
1787 3673 2247 3755 lacrymarum
2298 3676 2552 3740 imbres
2604 3661 2829 3742 ema--

881 3795 1080 3852 nans,
1148 3775 1234 3839 ad
1297 3793 1533 3855 regem
1585 3792 1711 3854 pro
1760 3774 1905 3835 suis
1951 3773 2423 3855 supplicatura
2470 3779 2797 3842 accessit.

880 3876 1013 3938 Sed
1053 3874 1170 3937 ille
1210 3872 1560 3936 humiliter
1590 3891 1766 3948 eam,
1815 3878 1885 3935 et
1930 3873 2223 3953 benigne
2269 3876 2598 3957 suscepit,
2644 3884 2801 3941 tum

878 3993 1005 4055 pro
1049 3974 1332 4054 pietate,
1365 3991 1573 4053 quam
1612 3971 1698 4034 de
1732 3971 2145 4047 miserando,
2190 3981 2261 4036 et
2305 3973 2561 4037 afflicto
2606 3995 2793 4041 sexu

878 4072 1238 4148 habuerat,
1292 4079 1438 4134 tum
1492 4091 1619 4153 pro
1682 4070 1931 4134 nobilis
1992 4071 2293 4137 mulieris
2354 4076 2677 4155 cognatis
2725 4086 2801 4141 et

878 4171 1138 4248 amiciS,
1201 4173 1318 4253 qui
1380 4190 1612 4235 secum
1664 4171 1758 4234 ibi
1810 4170 1881 4232 in
1938 4171 2293 4236 obsidione
2353 4174 2801 4241 laborabant.
