<?xml version="1.0" encoding="UTF-8"?>
<!DOCTYPE html PUBLIC "-//W3C//DTD XHTML 1.0 Transitional//EN"
    "http://www.w3.org/TR/xhtml1/DTD/xhtml1-transitional.dtd">
<html xmlns="http://www.w3.org/1999/xhtml" xml:lang="en" lang="en">
 <head>
  <title>
</title>
<meta http-equiv="Content-Type" content="text/html;charset=utf-8" />
  <meta name='ocr-system' content='tesseract 3.04.00' />
  <meta name='ocr-capabilities' content='ocr_page ocr_carea ocr_par ocr_line ocrx_word'/>
</head>
<body>
  <div class='ocr_page' id='page_1' title='image "./gestastephanire01sewegoog_0118.png"; bbox 0 0 3167 5009; ppageno 0'>
   <div class='ocr_carea' id='block_1_1' title="bbox 1030 415 2338 484">
    <p class='ocr_par' dir='ltr' id='par_1_1' title="bbox 1030 415 2338 484">
     <span class='ocr_line' id='line_1_1' title="bbox 1030 415 2338 484; baseline 0.007 -9"><span class='ocrx_word' id='word_1_1' title='bbox 1030 427 1243 477; x_wconf 71' lang='lat' dir='ltr'><strong>antus</strong></span> <span class='ocrx_word' id='word_1_2' title='bbox 1296 429 1728 480; x_wconf 70' lang='lat' dir='ltr'><strong>Anenonuu.</strong></span> <span class='ocrx_word' id='word_1_3' title='bbox 2240 415 2338 484; x_wconf 75' lang='lat'><strong>99‘</strong></span> 
     </span>
    </p>
   </div>
   <div class='ocr_carea' id='block_1_2' title="bbox 336 583 2391 3562">
    <p class='ocr_par' dir='ltr' id='par_1_2' title="bbox 336 583 2391 3562">
     <span class='ocr_line' id='line_1_2' title="bbox 432 583 2326 662; baseline 0.004 -16"><span class='ocrx_word' id='word_1_4' title='bbox 432 602 615 660; x_wconf 83' lang='lat' dir='ltr'><strong>nere,</strong></span> <span class='ocrx_word' id='word_1_5' title='bbox 643 590 713 648; x_wconf 90' lang='lat' dir='ltr'><strong>et</strong></span> <span class='ocrx_word' id='word_1_6' title='bbox 742 584 990 650; x_wconf 87' lang='lat' dir='ltr'><strong>fortem</strong></span> <span class='ocrx_word' id='word_1_7' title='bbox 1020 583 1310 662; x_wconf 87' lang='lat' dir='ltr'><strong>efficere,</strong></span> <span class='ocrx_word' id='word_1_8' title='bbox 1341 586 1461 649; x_wconf 84' lang='lat' dir='ltr'><strong>sed</strong></span> <span class='ocrx_word' id='word_1_9' title='bbox 1498 595 1571 650; x_wconf 88' lang='lat' dir='ltr'><strong>et</strong></span> <span class='ocrx_word' id='word_1_10' title='bbox 1601 587 1690 650; x_wconf 93' lang='lat' dir='ltr'><strong>ab</strong></span> <span class='ocrx_word' id='word_1_11' title='bbox 1723 585 2140 652; x_wconf 88' lang='lat' dir='ltr'><strong>adversariis</strong></span> <span class='ocrx_word' id='word_1_12' title='bbox 2186 589 2326 654; x_wconf 84' lang='lat' dir='ltr'><strong>for-</strong></span> 
     </span>
     <span class='ocr_line' id='line_1_3' title="bbox 431 683 2322 768; baseline 0.004 -20"><span class='ocrx_word' id='word_1_13' title='bbox 431 683 595 748; x_wconf 88' lang='lat' dir='ltr'><strong>titer</strong></span> <span class='ocrx_word' id='word_1_14' title='bbox 636 703 931 767; x_wconf 81' lang='lat' dir='ltr'><strong>semper,</strong></span> <span class='ocrx_word' id='word_1_15' title='bbox 976 692 1048 750; x_wconf 90' lang='lat' dir='ltr'><strong>et</strong></span> <span class='ocrx_word' id='word_1_16' title='bbox 1106 685 1581 768; x_wconf 77' lang='lat' dir='ltr'><strong>inexpugnate</strong></span> <span class='ocrx_word' id='word_1_17' title='bbox 1631 686 1884 750; x_wconf 87' lang='lat' dir='ltr'><strong>debent</strong></span> <span class='ocrx_word' id='word_1_18' title='bbox 1936 687 2322 755; x_wconf 81' lang='lat' dir='ltr'><strong>defendere.</strong></span> 
     </span>
     <span class='ocr_line' id='line_1_4' title="bbox 432 782 2320 868; baseline 0.005 -22"><span class='ocrx_word' id='word_1_19' title='bbox 432 782 760 866; x_wconf 83' lang='lat' dir='ltr'><strong>Episcopi</strong></span> <span class='ocrx_word' id='word_1_20' title='bbox 806 792 1037 850; x_wconf 86' lang='lat' dir='ltr'><strong>autem</strong></span> <span class='ocrx_word' id='word_1_21' title='bbox 1093 805 1131 848; x_wconf 91' lang='lat' dir='ltr'><strong>e</strong></span> <span class='ocrx_word' id='word_1_22' title='bbox 1178 786 1552 864; x_wconf 86' lang='lat' dir='ltr'><strong>contrario,</strong></span> <span class='ocrx_word' id='word_1_23' title='bbox 1602 786 2044 868; x_wconf 68' lang='lat' dir='ltr'><strong>praedonibus</strong></span> <span class='ocrx_word' id='word_1_24' title='bbox 2102 789 2320 855; x_wconf 91' lang='lat' dir='ltr'><strong>eccle-</strong></span> 
     </span>
     <span class='ocr_line' id='line_1_5' title="bbox 428 883 2321 971; baseline 0.004 -25"><span class='ocrx_word' id='word_1_25' title='bbox 428 883 686 947; x_wconf 89' lang='lat' dir='ltr'><strong>siarum</strong></span> <span class='ocrx_word' id='word_1_26' title='bbox 742 885 1210 967; x_wconf 87' lang='lat' dir='ltr'><strong>possessiones</strong></span> <span class='ocrx_word' id='word_1_27' title='bbox 1254 885 1530 966; x_wconf 90' lang='lat' dir='ltr'><strong>ubique,</strong></span> <span class='ocrx_word' id='word_1_28' title='bbox 1578 893 1658 950; x_wconf 89' lang='lat' dir='ltr'><strong>ut</strong></span> <span class='ocrx_word' id='word_1_29' title='bbox 1701 885 1955 969; x_wconf 78' lang='lat' dir='ltr'><strong>saepius</strong></span> <span class='ocrx_word' id='word_1_30' title='bbox 1998 891 2321 971; x_wconf 90' lang='lat' dir='ltr'><strong>propala-</strong></span> 
     </span>
     <span class='ocr_line' id='line_1_6' title="bbox 430 984 2322 1066; baseline 0.005 -21"><span class='ocrx_word' id='word_1_31' title='bbox 430 989 578 1045; x_wconf 89' lang='lat' dir='ltr'><strong>tum</strong></span> <span class='ocrx_word' id='word_1_32' title='bbox 622 991 754 1060; x_wconf 88' lang='lat' dir='ltr'><strong>est,</strong></span> <span class='ocrx_word' id='word_1_33' title='bbox 788 984 1291 1066; x_wconf 85' lang='lat' dir='ltr'><strong>diripientibus,</strong></span> <span class='ocrx_word' id='word_1_34' title='bbox 1336 985 1456 1050; x_wconf 89' lang='lat' dir='ltr'><strong>alii</strong></span> <span class='ocrx_word' id='word_1_35' title='bbox 1512 991 1701 1050; x_wconf 87' lang='lat' dir='ltr'><strong>metu</strong></span> <span class='ocrx_word' id='word_1_36' title='bbox 1747 986 2021 1050; x_wconf 89' lang='lat' dir='ltr'><strong>illorum</strong></span> <span class='ocrx_word' id='word_1_37' title='bbox 2066 989 2322 1054; x_wconf 85' lang='lat' dir='ltr'><strong>inerter</strong></span> 
     </span>
     <span class='ocr_line' id='line_1_7' title="bbox 430 1081 2320 1167; baseline 0.004 -22"><span class='ocrx_word' id='word_1_38' title='bbox 430 1081 760 1165; x_wconf 79' lang='lat' dir='ltr'><strong>depressi,</strong></span> <span class='ocrx_word' id='word_1_39' title='bbox 784 1090 909 1148; x_wconf 91' lang='lat' dir='ltr'><strong>aut</strong></span> <span class='ocrx_word' id='word_1_40' title='bbox 930 1085 1491 1162; x_wconf 83' lang='lat' dir='ltr'><strong>succumbebant,</strong></span> <span class='ocrx_word' id='word_1_41' title='bbox 1506 1089 1630 1149; x_wconf 91' lang='lat' dir='ltr'><strong>aut</strong></span> <span class='ocrx_word' id='word_1_42' title='bbox 1651 1084 1905 1167; x_wconf 76' lang='lat' dir='ltr'><strong>tepide,</strong></span> <span class='ocrx_word' id='word_1_43' title='bbox 1919 1093 1990 1150; x_wconf 92' lang='lat' dir='ltr'><strong>et</strong></span> <span class='ocrx_word' id='word_1_44' title='bbox 2013 1088 2320 1166; x_wconf 73' lang='lat' dir='ltr'><strong>remisse,</strong></span> 
     </span>
     <span class='ocr_line' id='line_1_8' title="bbox 424 1184 2319 1268; baseline 0.005 -24"><span class='ocrx_word' id='word_1_45' title='bbox 424 1184 882 1264; x_wconf 80' lang='lat' dir='ltr'><strong>separationis</strong></span> <span class='ocrx_word' id='word_1_46' title='bbox 944 1184 1355 1250; x_wconf 86' lang='lat' dir='ltr'><strong>sententiam</strong></span> <span class='ocrx_word' id='word_1_47' title='bbox 1418 1204 1556 1249; x_wconf 89' lang='lat' dir='ltr'><strong>non</strong></span> <span class='ocrx_word' id='word_1_48' title='bbox 1619 1185 1739 1248; x_wconf 92' lang='lat' dir='ltr'><strong>diu</strong></span> <span class='ocrx_word' id='word_1_49' title='bbox 1799 1204 2319 1268; x_wconf 84' lang='lat' dir='ltr'><strong>permansuram</strong></span> 
     </span>
     <span class='ocr_line' id='line_1_9' title="bbox 428 1282 2316 1370; baseline 0.004 -25"><span class='ocrx_word' id='word_1_50' title='bbox 428 1282 852 1348; x_wconf 86' lang='lat' dir='ltr'><strong>inferebant:</strong></span> <span class='ocrx_word' id='word_1_51' title='bbox 900 1282 1043 1361; x_wconf 91' lang='lat' dir='ltr'><strong>alii,</strong></span> <span class='ocrx_word' id='word_1_52' title='bbox 1090 1284 1271 1367; x_wconf 90' lang='lat' dir='ltr'><strong>quod</strong></span> <span class='ocrx_word' id='word_1_53' title='bbox 1319 1291 1551 1348; x_wconf 88' lang='lat' dir='ltr'><strong>tamen</strong></span> <span class='ocrx_word' id='word_1_54' title='bbox 1587 1304 1725 1348; x_wconf 88' lang='lat' dir='ltr'><strong>non</strong></span> <span class='ocrx_word' id='word_1_55' title='bbox 1761 1292 1912 1349; x_wconf 90' lang='lat' dir='ltr'><strong>erat</strong></span> <span class='ocrx_word' id='word_1_56' title='bbox 1955 1304 2132 1368; x_wconf 87' lang='lat' dir='ltr'><strong>opus</strong></span> <span class='ocrx_word' id='word_1_57' title='bbox 2173 1289 2316 1370; x_wconf 83' lang='lat' dir='ltr'><strong>epi·</strong></span> 
     </span>
     <span class='ocr_line' id='line_1_10' title="bbox 424 1383 2312 1468; baseline 0.003 -22"><span class='ocrx_word' id='word_1_58' title='bbox 424 1401 815 1466; x_wconf 89' lang='lat' dir='ltr'><strong>scoporum,</strong></span> <span class='ocrx_word' id='word_1_59' title='bbox 850 1383 1140 1449; x_wconf 87' lang='lat' dir='ltr'><strong>castella</strong></span> <span class='ocrx_word' id='word_1_60' title='bbox 1172 1401 1302 1448; x_wconf 91' lang='lat' dir='ltr'><strong>sua</strong></span> <span class='ocrx_word' id='word_1_61' title='bbox 1336 1384 1534 1461; x_wconf 88' lang='lat' dir='ltr'><strong>escis,</strong></span> <span class='ocrx_word' id='word_1_62' title='bbox 1578 1392 1650 1449; x_wconf 88' lang='lat' dir='ltr'><strong>et</strong></span> <span class='ocrx_word' id='word_1_63' title='bbox 1682 1403 2028 1448; x_wconf 89' lang='lat' dir='ltr'><strong>armorum</strong></span> <span class='ocrx_word' id='word_1_64' title='bbox 2075 1387 2312 1468; x_wconf 90' lang='lat' dir='ltr'><strong>copiis,</strong></span> 
     </span>
     <span class='ocr_line' id='line_1_11' title="bbox 427 1482 2312 1567; baseline 0.003 -21"><span class='ocrx_word' id='word_1_65' title='bbox 427 1483 783 1560; x_wconf 87' lang='lat' dir='ltr'><strong>militibus,</strong></span> <span class='ocrx_word' id='word_1_66' title='bbox 829 1490 901 1547; x_wconf 88' lang='lat' dir='ltr'><strong>et</strong></span> <span class='ocrx_word' id='word_1_67' title='bbox 949 1484 1335 1565; x_wconf 81' lang='lat' dir='ltr'><strong>sagittariis</strong></span> <span class='ocrx_word' id='word_1_68' title='bbox 1392 1482 1833 1550; x_wconf 69' lang='lat' dir='ltr'><strong>refertissime</strong></span> <span class='ocrx_word' id='word_1_69' title='bbox 1877 1485 2312 1567; x_wconf 82' lang='lat' dir='ltr'><strong>supplebant,</strong></span> 
     </span>
     <span class='ocr_line' id='line_1_12' title="bbox 424 1582 2312 1666; baseline 0.003 -21"><span class='ocrx_word' id='word_1_70' title='bbox 424 1582 724 1666; x_wconf 89' lang='lat' dir='ltr'><strong>dumque</strong></span> <span class='ocrx_word' id='word_1_71' title='bbox 757 1582 1128 1662; x_wconf 88' lang='lat' dir='ltr'><strong>maleficos,</strong></span> <span class='ocrx_word' id='word_1_72' title='bbox 1148 1603 1515 1666; x_wconf 85' lang='lat' dir='ltr'><strong>rerumque</strong></span> <span class='ocrx_word' id='word_1_73' title='bbox 1552 1583 2172 1649; x_wconf 86' lang='lat' dir='ltr'><strong>ecclesiasticarum</strong></span> <span class='ocrx_word' id='word_1_74' title='bbox 2209 1586 2312 1650; x_wconf 90' lang='lat' dir='ltr'><strong>di-</strong></span> 
     </span>
     <span class='ocr_line' id='line_1_13' title="bbox 424 1683 2311 1766; baseline 0.002 -19"><span class='ocrx_word' id='word_1_75' title='bbox 424 1691 733 1764; x_wconf 88' lang='lat' dir='ltr'><strong>reptores</strong></span> <span class='ocrx_word' id='word_1_76' title='bbox 777 1701 1011 1747; x_wconf 85' lang='lat' dir='ltr'><strong>arcere</strong></span> <span class='ocrx_word' id='word_1_77' title='bbox 1045 1690 1477 1765; x_wconf 88' lang='lat' dir='ltr'><strong>putarentur,</strong></span> <span class='ocrx_word' id='word_1_78' title='bbox 1513 1684 1684 1766; x_wconf 89' lang='lat' dir='ltr'><strong>ipsis</strong></span> <span class='ocrx_word' id='word_1_79' title='bbox 1728 1683 2058 1748; x_wconf 86' lang='lat' dir='ltr'><strong>maleficis</strong></span> <span class='ocrx_word' id='word_1_80' title='bbox 2101 1685 2172 1748; x_wconf 88' lang='lat' dir='ltr'><strong>in</strong></span> <span class='ocrx_word' id='word_1_81' title='bbox 2206 1687 2311 1750; x_wconf 90' lang='lat' dir='ltr'><strong>vi-</strong></span> 
     </span>
     <span class='ocr_line' id='line_1_14' title="bbox 423 1781 2310 1865; baseline 0.002 -19"><span class='ocrx_word' id='word_1_82' title='bbox 423 1783 595 1847; x_wconf 90' lang='lat' dir='ltr'><strong>cinis</strong></span> <span class='ocrx_word' id='word_1_83' title='bbox 630 1783 775 1846; x_wconf 90' lang='lat' dir='ltr'><strong>suis</strong></span> <span class='ocrx_word' id='word_1_84' title='bbox 825 1781 1315 1865; x_wconf 77' lang='lat' dir='ltr'><strong>opprimendiS,</strong></span> <span class='ocrx_word' id='word_1_85' title='bbox 1346 1783 1419 1846; x_wconf 89' lang='lat' dir='ltr'><strong>in</strong></span> <span class='ocrx_word' id='word_1_86' title='bbox 1454 1785 1658 1847; x_wconf 89' lang='lat' dir='ltr'><strong>rebus</strong></span> <span class='ocrx_word' id='word_1_87' title='bbox 1703 1802 1939 1846; x_wconf 91' lang='lat' dir='ltr'><strong>eorum</strong></span> <span class='ocrx_word' id='word_1_88' title='bbox 1989 1783 2310 1865; x_wconf 89' lang='lat' dir='ltr'><strong>diripien-</strong></span> 
     </span>
     <span class='ocr_line' id='line_1_15' title="bbox 420 1881 2312 1966; baseline 0.002 -20"><span class='ocrx_word' id='word_1_89' title='bbox 420 1883 529 1948; x_wconf 86' lang='lat' dir='ltr'><strong>dis</strong></span> <span class='ocrx_word' id='word_1_90' title='bbox 570 1881 1007 1960; x_wconf 88' lang='lat' dir='ltr'><strong>crudeliores,</strong></span> <span class='ocrx_word' id='word_1_91' title='bbox 1038 1902 1309 1966; x_wconf 88' lang='lat' dir='ltr'><strong>semper</strong></span> <span class='ocrx_word' id='word_1_92' title='bbox 1356 1890 1428 1948; x_wconf 92' lang='lat' dir='ltr'><strong>et</strong></span> <span class='ocrx_word' id='word_1_93' title='bbox 1474 1882 1698 1964; x_wconf 83' lang='lat' dir='ltr'><strong>magis</strong></span> <span class='ocrx_word' id='word_1_94' title='bbox 1744 1883 2312 1949; x_wconf 84' lang='lat' dir='ltr'><strong>immisericordes</strong></span> 
     </span>
     <span class='ocr_line' id='line_1_16' title="bbox 420 1980 2313 2067; baseline 0.001 -21"><span class='ocrx_word' id='word_1_95' title='bbox 420 1983 819 2047; x_wconf 84' lang='lat' dir='ltr'><strong>extiterant.</strong></span> <span class='ocrx_word' id='word_1_96' title='bbox 974 1980 1125 2066; x_wconf 87' lang='lat' dir='ltr'><strong>Ipsi</strong></span> <span class='ocrx_word' id='word_1_97' title='bbox 1212 1981 1675 2058; x_wconf 89' lang='lat' dir='ltr'><strong>nihilominus,</strong></span> <span class='ocrx_word' id='word_1_98' title='bbox 1760 1981 1895 2064; x_wconf 92' lang='lat' dir='ltr'><strong>ipsi</strong></span> <span class='ocrx_word' id='word_1_99' title='bbox 1983 1983 2313 2067; x_wconf 88' lang='lat' dir='ltr'><strong>episcopi,</strong></span> 
     </span>
     <span class='ocr_line' id='line_1_17' title="bbox 420 2081 2311 2165; baseline 0.001 -19"><span class='ocrx_word' id='word_1_100' title='bbox 420 2081 601 2165; x_wconf 91' lang='lat' dir='ltr'><strong>quod</strong></span> <span class='ocrx_word' id='word_1_101' title='bbox 635 2082 849 2164; x_wconf 90' lang='lat' dir='ltr'><strong>pudet</strong></span> <span class='ocrx_word' id='word_1_102' title='bbox 882 2081 1155 2164; x_wconf 88' lang='lat' dir='ltr'><strong>quidem</strong></span> <span class='ocrx_word' id='word_1_103' title='bbox 1190 2082 1437 2160; x_wconf 89' lang='lat' dir='ltr'><strong>dicere,</strong></span> <span class='ocrx_word' id='word_1_104' title='bbox 1469 2101 1607 2146; x_wconf 88' lang='lat' dir='ltr'><strong>non</strong></span> <span class='ocrx_word' id='word_1_105' title='bbox 1641 2089 1870 2146; x_wconf 84' lang='lat' dir='ltr'><strong>tamen</strong></span> <span class='ocrx_word' id='word_1_106' title='bbox 1903 2101 2161 2160; x_wconf 79' lang='lat' dir='ltr'><strong>omneS,</strong></span> <span class='ocrx_word' id='word_1_107' title='bbox 2191 2085 2311 2148; x_wconf 88' lang='lat' dir='ltr'><strong>sed</strong></span> 
     </span>
     <span class='ocr_line' id='line_1_18' title="bbox 421 2181 2312 2266; baseline 0.002 -22"><span class='ocrx_word' id='word_1_108' title='bbox 421 2181 699 2266; x_wconf 89' lang='lat' dir='ltr'><strong>plurimi</strong></span> <span class='ocrx_word' id='word_1_109' title='bbox 734 2201 823 2246; x_wconf 83' lang='lat' dir='ltr'><strong>ex</strong></span> <span class='ocrx_word' id='word_1_110' title='bbox 857 2183 1195 2259; x_wconf 87' lang='lat' dir='ltr'><strong>omnibus,</strong></span> <span class='ocrx_word' id='word_1_111' title='bbox 1238 2181 1417 2246; x_wconf 90' lang='lat' dir='ltr'><strong>ferro</strong></span> <span class='ocrx_word' id='word_1_112' title='bbox 1466 2182 1780 2259; x_wconf 86' lang='lat' dir='ltr'><strong>accincti,</strong></span> <span class='ocrx_word' id='word_1_113' title='bbox 1809 2182 2017 2246; x_wconf 87' lang='lat' dir='ltr'><strong>armis</strong></span> <span class='ocrx_word' id='word_1_114' title='bbox 2065 2183 2312 2248; x_wconf 90' lang='lat' dir='ltr'><strong>decen-</strong></span> 
     </span>
     <span class='ocr_line' id='line_1_19' title="bbox 420 2280 2317 2365; baseline 0.001 -19"><span class='ocrx_word' id='word_1_115' title='bbox 420 2282 683 2346; x_wconf 77' lang='lat' dir='ltr'><strong>tissime</strong></span> <span class='ocrx_word' id='word_1_116' title='bbox 725 2282 1071 2358; x_wconf 85' lang='lat' dir='ltr'><strong>instructi,</strong></span> <span class='ocrx_word' id='word_1_117' title='bbox 1126 2301 1283 2346; x_wconf 85' lang='lat' dir='ltr'><strong>cum</strong></span> <span class='ocrx_word' id='word_1_118' title='bbox 1314 2283 1585 2365; x_wconf 79' lang='lat' dir='ltr'><strong>,patriae</strong></span> <span class='ocrx_word' id='word_1_119' title='bbox 1634 2280 2152 2365; x_wconf 84' lang='lat' dir='ltr'><strong>perversoribus</strong></span> <span class='ocrx_word' id='word_1_120' title='bbox 2194 2302 2317 2347; x_wconf 88' lang='lat' dir='ltr'><strong>su-</strong></span> 
     </span>
     <span class='ocr_line' id='line_1_20' title="bbox 418 2379 2297 2464; baseline 0.002 -20"><span class='ocrx_word' id='word_1_121' title='bbox 418 2383 837 2464; x_wconf 87' lang='lat' dir='ltr'><strong>perbissimis</strong></span> <span class='ocrx_word' id='word_1_122' title='bbox 885 2379 1116 2444; x_wconf 89' lang='lat' dir='ltr'><strong>invehi</strong></span> <span class='ocrx_word' id='word_1_123' title='bbox 1150 2381 1367 2464; x_wconf 89' lang='lat' dir='ltr'><strong>equis,</strong></span> <span class='ocrx_word' id='word_1_124' title='bbox 1398 2381 1654 2464; x_wconf 82' lang='lat' dir='ltr'><strong>praedae</strong></span> <span class='ocrx_word' id='word_1_125' title='bbox 1703 2381 2133 2464; x_wconf 87' lang='lat' dir='ltr'><strong>participari;</strong></span> <span class='ocrx_word' id='word_1_126' title='bbox 2179 2384 2297 2447; x_wconf 89' lang='lat' dir='ltr'><strong>mi·</strong></span> 
     </span>
     <span class='ocr_line' id='line_1_21' title="bbox 416 2479 2306 2565; baseline 0 -19"><span class='ocrx_word' id='word_1_127' title='bbox 416 2482 577 2547; x_wconf 88' lang='lat' dir='ltr'><strong>lites</strong></span> <span class='ocrx_word' id='word_1_128' title='bbox 603 2479 851 2546; x_wconf 66' lang='lat' dir='ltr'><strong>bellica</strong></span> <span class='ocrx_word' id='word_1_129' title='bbox 884 2488 1071 2546; x_wconf 86' lang='lat' dir='ltr'><strong>sorte</strong></span> <span class='ocrx_word' id='word_1_130' title='bbox 1102 2480 1542 2563; x_wconf 81' lang='lat' dir='ltr'><strong>interceptos,</strong></span> <span class='ocrx_word' id='word_1_131' title='bbox 1566 2481 1678 2544; x_wconf 89' lang='lat' dir='ltr'><strong>vel</strong></span> <span class='ocrx_word' id='word_1_132' title='bbox 1706 2481 2138 2564; x_wconf 88' lang='lat' dir='ltr'><strong>pecuniosos,</strong></span> <span class='ocrx_word' id='word_1_133' title='bbox 2153 2483 2306 2565; x_wconf 87' lang='lat' dir='ltr'><strong>qui-</strong></span> 
     </span>
     <span class='ocr_line' id='line_1_22' title="bbox 418 2580 2307 2664; baseline 0 -18"><span class='ocrx_word' id='word_1_134' title='bbox 418 2584 848 2664; x_wconf 87' lang='lat' dir='ltr'><strong>buscumque</strong></span> <span class='ocrx_word' id='word_1_135' title='bbox 898 2588 1359 2658; x_wconf 89' lang='lat' dir='ltr'><strong>occurrerent,</strong></span> <span class='ocrx_word' id='word_1_136' title='bbox 1390 2580 1706 2658; x_wconf 91' lang='lat' dir='ltr'><strong>vinculis,</strong></span> <span class='ocrx_word' id='word_1_137' title='bbox 1760 2588 1831 2644; x_wconf 89' lang='lat' dir='ltr'><strong>et</strong></span> <span class='ocrx_word' id='word_1_138' title='bbox 1888 2582 2307 2646; x_wconf 82' lang='lat' dir='ltr'><strong>cruciatibus</strong></span> 
     </span>
     <span class='ocr_line' id='line_1_23' title="bbox 418 2680 2307 2764; baseline -0.001 -17"><span class='ocrx_word' id='word_1_139' title='bbox 418 2701 797 2764; x_wconf 87' lang='lat' dir='ltr'><strong>exponere;</strong></span> <span class='ocrx_word' id='word_1_140' title='bbox 864 2690 936 2746; x_wconf 88' lang='lat' dir='ltr'><strong>et</strong></span> <span class='ocrx_word' id='word_1_141' title='bbox 984 2683 1147 2747; x_wconf 90' lang='lat' dir='ltr'><strong>dum</strong></span> <span class='ocrx_word' id='word_1_142' title='bbox 1202 2681 1337 2763; x_wconf 90' lang='lat' dir='ltr'><strong>ipsi</strong></span> <span class='ocrx_word' id='word_1_143' title='bbox 1395 2682 1572 2745; x_wconf 90' lang='lat' dir='ltr'><strong>tanti</strong></span> <span class='ocrx_word' id='word_1_144' title='bbox 1633 2680 1937 2758; x_wconf 89' lang='lat' dir='ltr'><strong>sceleris,</strong></span> <span class='ocrx_word' id='word_1_145' title='bbox 1993 2682 2307 2763; x_wconf 90' lang='lat' dir='ltr'><strong>tantique</strong></span> 
     </span>
     <span class='ocr_line' id='line_1_24' title="bbox 419 2780 2306 2865; baseline -0.001 -19"><span class='ocrx_word' id='word_1_146' title='bbox 419 2782 669 2864; x_wconf 78' lang='lat' dir='ltr'><strong>flag-itii</strong></span> <span class='ocrx_word' id='word_1_147' title='bbox 708 2789 920 2865; x_wconf 89' lang='lat' dir='ltr'><strong>caput</strong></span> <span class='ocrx_word' id='word_1_148' title='bbox 954 2787 1208 2858; x_wconf 84' lang='lat' dir='ltr'><strong>essent,</strong></span> <span class='ocrx_word' id='word_1_149' title='bbox 1244 2788 1315 2846; x_wconf 88' lang='lat' dir='ltr'><strong>et</strong></span> <span class='ocrx_word' id='word_1_150' title='bbox 1354 2801 1593 2858; x_wconf 85' lang='lat' dir='ltr'><strong>causa,</strong></span> <span class='ocrx_word' id='word_1_151' title='bbox 1631 2800 1767 2847; x_wconf 91' lang='lat' dir='ltr'><strong>non</strong></span> <span class='ocrx_word' id='word_1_152' title='bbox 1807 2780 1939 2844; x_wconf 86' lang='lat' dir='ltr'><strong>sibi</strong></span> <span class='ocrx_word' id='word_1_153' title='bbox 1970 2781 2306 2859; x_wconf 85' lang='lat' dir='ltr'><strong>solebant,</strong></span> 
     </span>
     <span class='ocr_line' id='line_1_25' title="bbox 416 2880 2312 2947; baseline 0 -1"><span class='ocrx_word' id='word_1_154' title='bbox 416 2883 537 2947; x_wconf 90' lang='lat' dir='ltr'><strong>sed</strong></span> <span class='ocrx_word' id='word_1_155' title='bbox 599 2883 742 2947; x_wconf 89' lang='lat' dir='ltr'><strong>suis</strong></span> <span class='ocrx_word' id='word_1_156' title='bbox 786 2881 1117 2946; x_wconf 89' lang='lat' dir='ltr'><strong>militibus</strong></span> <span class='ocrx_word' id='word_1_157' title='bbox 1161 2888 1433 2946; x_wconf 91' lang='lat' dir='ltr'><strong>tantum</strong></span> <span class='ocrx_word' id='word_1_158' title='bbox 1500 2880 1696 2945; x_wconf 89' lang='lat' dir='ltr'><strong>nefas</strong></span> <span class='ocrx_word' id='word_1_159' title='bbox 1747 2881 2110 2946; x_wconf 89' lang='lat' dir='ltr'><strong>ascribere.</strong></span> <span class='ocrx_word' id='word_1_160' title='bbox 2215 2882 2312 2946; x_wconf 89' lang='lat' dir='ltr'><strong>Et</strong></span> 
     </span>
     <span class='ocr_line' id='line_1_26' title="bbox 416 2980 2310 3067; baseline -0.001 -19"><span class='ocrx_word' id='word_1_161' title='bbox 416 2990 497 3048; x_wconf 88' lang='lat' dir='ltr'><strong>ut</strong></span> <span class='ocrx_word' id='word_1_162' title='bbox 537 2983 623 3046; x_wconf 88' lang='lat' dir='ltr'><strong>de</strong></span> <span class='ocrx_word' id='word_1_163' title='bbox 674 2983 919 3046; x_wconf 89' lang='lat' dir='ltr'><strong>ceteris</strong></span> <span class='ocrx_word' id='word_1_164' title='bbox 968 2981 1583 3063; x_wconf 76' lang='lat' dir='ltr'><strong>impraesentiarum</strong></span> <span class='ocrx_word' id='word_1_165' title='bbox 1637 2988 1906 3046; x_wconf 89' lang='lat' dir='ltr'><strong>taceam</strong></span> <span class='ocrx_word' id='word_1_166' title='bbox 1951 2980 2310 3067; x_wconf 89' lang='lat' dir='ltr'><strong>(indecens</strong></span> 
     </span>
     <span class='ocr_line' id='line_1_27' title="bbox 416 3077 2314 3165; baseline -0.001 -19"><span class='ocrx_word' id='word_1_167' title='bbox 416 3101 717 3165; x_wconf 87' lang='lat' dir='ltr'><strong>namque</strong></span> <span class='ocrx_word' id='word_1_168' title='bbox 778 3087 885 3144; x_wconf 88' lang='lat' dir='ltr'><strong>est</strong></span> <span class='ocrx_word' id='word_1_169' title='bbox 945 3099 1179 3144; x_wconf 88' lang='lat' dir='ltr'><strong>omnes</strong></span> <span class='ocrx_word' id='word_1_170' title='bbox 1242 3080 1504 3162; x_wconf 89' lang='lat' dir='ltr'><strong>pariter</strong></span> <span class='ocrx_word' id='word_1_171' title='bbox 1569 3077 1889 3164; x_wconf 86' lang='lat' dir='ltr'><strong>carpere)</strong></span> <span class='ocrx_word' id='word_1_172' title='bbox 1949 3081 2314 3162; x_wconf 86' lang='lat' dir='ltr'><strong>episcopos</strong></span> 
     </span>
     <span class='ocr_line' id='line_1_28' title="bbox 336 3169 2305 3258; baseline -0.002 -11"><span class='ocrx_word' id='word_1_173' title='bbox 336 3169 345 3174; x_wconf 60' lang='grc'><strong>’</strong></span> <span class='ocrx_word' id='word_1_174' title='bbox 416 3182 821 3258; x_wconf 83' lang='lat' dir='ltr'><strong>Wintoniae,</strong></span> <span class='ocrx_word' id='word_1_175' title='bbox 884 3178 1282 3254; x_wconf 85' lang='lat' dir='ltr'><strong>Lincolniae,</strong></span> <span class='ocrx_word' id='word_1_176' title='bbox 1340 3185 1413 3242; x_wconf 86' lang='lat' dir='ltr'><strong>ct</strong></span> <span class='ocrx_word' id='word_1_177' title='bbox 1478 3177 1791 3255; x_wconf 87' lang='lat' dir='ltr'><strong>Cestriae,</strong></span> <span class='ocrx_word' id='word_1_178' title='bbox 1857 3186 2072 3243; x_wconf 85' lang='lat' dir='ltr'><strong>tantae</strong></span> <span class='ocrx_word' id='word_1_179' title='bbox 2137 3181 2305 3244; x_wconf 89' lang='lat' dir='ltr'><strong>irre-</strong></span> 
     </span>
     <span class='ocr_line' id='line_1_29' title="bbox 412 3277 2391 3364; baseline -0.001 -19"><span class='ocrx_word' id='word_1_180' title='bbox 412 3281 689 3364; x_wconf 86' lang='lat' dir='ltr'><strong>ligionis</strong></span> <span class='ocrx_word' id='word_1_181' title='bbox 739 3279 1010 3355; x_wconf 85' lang='lat' dir='ltr'><strong>studiis,</strong></span> <span class='ocrx_word' id='word_1_182' title='bbox 1056 3278 1304 3343; x_wconf 90' lang='lat' dir='ltr'><strong>ceteris</strong></span> <span class='ocrx_word' id='word_1_183' title='bbox 1369 3277 1668 3355; x_wconf 78' lang='lat' dir='ltr'><strong>enixius,</strong></span> <span class='ocrx_word' id='word_1_184' title='bbox 1713 3278 2056 3356; x_wconf 89' lang='lat' dir='ltr'><strong>inventos,</strong></span> <span class='ocrx_word' id='word_1_185' title='bbox 2120 3278 2312 3343; x_wconf 88' lang='lat' dir='ltr'><strong>fama</strong></span> <span class='ocrx_word' id='word_1_186' title='bbox 2380 3315 2391 3322; x_wconf 90' lang='lat'><em>-</em></span> 
     </span>
     <span class='ocr_line' id='line_1_30' title="bbox 412 3379 2075 3466; baseline -0.004 -22"><span class='ocrx_word' id='word_1_187' title='bbox 412 3380 688 3466; x_wconf 74' lang='lat' dir='ltr'><strong>publice</strong></span> <span class='ocrx_word' id='word_1_188' title='bbox 719 3379 1174 3444; x_wconf 88' lang='lat' dir='ltr'><strong>declamabat.</strong></span> <span class='ocrx_word' id='word_1_189' title='bbox 1659 3449 1666 3454; x_wconf 51' lang='grc'><em>,</em></span> <span class='ocrx_word' id='word_1_190' title='bbox 2005 3444 2010 3450; x_wconf 52' lang='grc'>,</span> <span class='ocrx_word' id='word_1_191' title='bbox 2067 3433 2075 3437; x_wconf 84' lang='grc'>-</span> 
     </span>
     <span class='ocr_line' id='line_1_31' title="bbox 499 3476 2306 3562; baseline -0.002 -17"><span class='ocrx_word' id='word_1_192' title='bbox 499 3480 763 3546; x_wconf 89' lang='lat' dir='ltr'><strong>Verum</strong></span> <span class='ocrx_word' id='word_1_193' title='bbox 829 3479 1149 3562; x_wconf 88' lang='lat' dir='ltr'><strong>quamvis</strong></span> <span class='ocrx_word' id='word_1_194' title='bbox 1209 3476 1716 3542; x_wconf 87' lang='lat' dir='ltr'><strong>ecclesiasticus</strong></span> <span class='ocrx_word' id='word_1_195' title='bbox 1772 3476 1986 3560; x_wconf 85' lang='lat' dir='ltr'><strong>rigor,</strong></span> <span class='ocrx_word' id='word_1_196' title='bbox 2045 3477 2306 3543; x_wconf 86' lang='lat' dir='ltr'><strong>scelere</strong></span> 
     </span>
    </p>
   </div>
   <div class='ocr_carea' id='block_1_3' title="bbox 410 3577 2498 3765">
    <p class='ocr_par' dir='ltr' id='par_1_3' title="bbox 410 3577 2498 3765">
     <span class='ocr_line' id='line_1_32' title="bbox 412 3577 2428 3664; baseline 0 -18"><span class='ocrx_word' id='word_1_197' title='bbox 412 3582 688 3664; x_wconf 85' lang='lat' dir='ltr'><strong>ubique,</strong></span> <span class='ocrx_word' id='word_1_198' title='bbox 761 3587 837 3646; x_wconf 90' lang='lat' dir='ltr'><strong>et</strong></span> <span class='ocrx_word' id='word_1_199' title='bbox 898 3579 1279 3663; x_wconf 88' lang='lat' dir='ltr'><strong>inquietate</strong></span> <span class='ocrx_word' id='word_1_200' title='bbox 1330 3577 1775 3660; x_wconf 75' lang='lat' dir='ltr'><strong>praevalente,</strong></span> <span class='ocrx_word' id='word_1_201' title='bbox 1837 3577 2160 3655; x_wconf 85' lang='lat' dir='ltr'><strong>inflexus,</strong></span> <span class='ocrx_word' id='word_1_202' title='bbox 2225 3585 2306 3642; x_wconf 87' lang='lat' dir='ltr'><strong>ut</strong></span> <span class='ocrx_word' id='word_1_203' title='bbox 2419 3639 2428 3647; x_wconf 87' lang='lat'><strong>.</strong></span> 
     </span>
     <span class='ocr_line' id='line_1_33' title="bbox 410 3677 2498 3765; baseline -0.002 -19"><span class='ocrx_word' id='word_1_204' title='bbox 410 3681 840 3765; x_wconf 72' lang='lat' dir='ltr'><strong>praemissum</strong></span> <span class='ocrx_word' id='word_1_205' title='bbox 892 3686 1021 3757; x_wconf 90' lang='lat' dir='ltr'><strong>est,</strong></span> <span class='ocrx_word' id='word_1_206' title='bbox 1068 3677 1449 3753; x_wconf 83' lang='lat' dir='ltr'><strong>vacillavit,</strong></span> <span class='ocrx_word' id='word_1_207' title='bbox 1492 3695 1630 3739; x_wconf 89' lang='lat' dir='ltr'><strong>non</strong></span> <span class='ocrx_word' id='word_1_208' title='bbox 1675 3685 1907 3740; x_wconf 89' lang='lat' dir='ltr'><strong>tamen</strong></span> <span class='ocrx_word' id='word_1_209' title='bbox 1948 3678 2304 3742; x_wconf 87' lang='lat' dir='ltr'><strong>Robertus</strong></span> <span class='ocrx_word' id='word_1_210' title='bbox 2330 3701 2498 3750; x_wconf 65' lang='lat' dir='ltr'><strong>nouere,</strong></span> 
     </span>
    </p>
   </div>
   <div class='ocr_carea' id='block_1_4' title="bbox 2329 3752 2554 3801">
    <p class='ocr_par' dir='ltr' id='par_1_4' title="bbox 2329 3752 2554 3801">
     <span class='ocr_line' id='line_1_34' title="bbox 2329 3752 2554 3801; baseline 0.009 -11"><span class='ocrx_word' id='word_1_211' title='bbox 2329 3752 2488 3801; x_wconf 81' lang='lat' dir='ltr'><strong>Blshop</strong></span> <span class='ocrx_word' id='word_1_212' title='bbox 2506 3753 2554 3792; x_wconf 76' lang='lat' dir='ltr'><strong>or</strong></span> 
     </span>
    </p>
   </div>
   <div class='ocr_carea' id='block_1_5' title="bbox 414 3775 2546 3858">
    <p class='ocr_par' dir='ltr' id='par_1_5' title="bbox 414 3775 2546 3858">
     <span class='ocr_line' id='line_1_35' title="bbox 414 3775 2546 3858; baseline -0.002 -12"><span class='ocrx_word' id='word_1_213' title='bbox 414 3782 486 3846; x_wconf 92' lang='lat' dir='ltr'>H</span> <span class='ocrx_word' id='word_1_214' title='bbox 492 3779 941 3847; x_wconf 85' lang='lat' dir='ltr'><strong>erefordensis</strong></span> <span class='ocrx_word' id='word_1_215' title='bbox 984 3778 1302 3854; x_wconf 80' lang='lat' dir='ltr'><strong>antisteS,</strong></span> <span class='ocrx_word' id='word_1_216' title='bbox 1344 3777 1453 3841; x_wconf 89' lang='lat' dir='ltr'><strong>vir</strong></span> <span class='ocrx_word' id='word_1_217' title='bbox 1511 3775 1648 3857; x_wconf 84' lang='lat' dir='ltr'><strong>piae</strong></span> <span class='ocrx_word' id='word_1_218' title='bbox 1703 3775 2080 3858; x_wconf 86' lang='lat' dir='ltr'><strong>religionis,</strong></span> <span class='ocrx_word' id='word_1_219' title='bbox 2119 3796 2306 3840; x_wconf 87' lang='lat' dir='ltr'><strong>sum-</strong></span> <span class='ocrx_word' id='word_1_220' title='bbox 2332 3802 2546 3850; x_wconf 72' lang='lat' dir='ltr'><strong>nereford,</strong></span> 
     </span>
    </p>
   </div>
   <div class='ocr_carea' id='block_1_6' title="bbox 2326 3851 2614 3902">
    <p class='ocr_par' dir='ltr' id='par_1_6' title="bbox 2326 3851 2614 3902">
     <span class='ocr_line' id='line_1_36' title="bbox 2326 3851 2614 3902; baseline 0.007 -12"><span class='ocrx_word' id='word_1_221' title='bbox 2326 3852 2395 3891; x_wconf 73' lang='lat' dir='ltr'><strong>ma</strong></span> <span class='ocrx_word' id='word_1_222' title='bbox 2413 3851 2614 3902; x_wconf 72' lang='lat' dir='ltr'><strong>dignifled</strong></span> 
     </span>
    </p>
   </div>
   <div class='ocr_carea' id='block_1_7' title="bbox 409 3874 2605 3964">
    <p class='ocr_par' dir='ltr' id='par_1_7' title="bbox 409 3874 2605 3964">
     <span class='ocr_line' id='line_1_37' title="bbox 409 3874 2605 3964; baseline -0.002 -18"><span class='ocrx_word' id='word_1_223' title='bbox 409 3900 677 3964; x_wconf 73' lang='lat' dir='ltr'><strong>maeque</strong></span> <span class='ocrx_word' id='word_1_224' title='bbox 722 3878 1153 3956; x_wconf 74' lang='lat' dir='ltr'><strong>constantiae,</strong></span> <span class='ocrx_word' id='word_1_225' title='bbox 1189 3896 1234 3940; x_wconf 99' lang='lat' dir='ltr'><strong>a</strong></span> <span class='ocrx_word' id='word_1_226' title='bbox 1283 3882 1473 3941; x_wconf 89' lang='lat' dir='ltr'><strong>statu</strong></span> <span class='ocrx_word' id='word_1_227' title='bbox 1519 3874 1896 3958; x_wconf 76' lang='lat' dir='ltr'><strong>religioniS,</strong></span> <span class='ocrx_word' id='word_1_228' title='bbox 1936 3895 1983 3940; x_wconf 92' lang='lat' dir='ltr'><strong>a</strong></span> <span class='ocrx_word' id='word_1_229' title='bbox 2026 3876 2302 3941; x_wconf 89' lang='lat' dir='ltr'><strong>tramite</strong></span> <span class='ocrx_word' id='word_1_230' title='bbox 2326 3901 2411 3941; x_wconf 72' lang='lat' dir='ltr'><strong>ana</strong></span> <span class='ocrx_word' id='word_1_231' title='bbox 2429 3901 2605 3952; x_wconf 71' lang='lat' dir='ltr'><strong>spirited</strong></span> 
     </span>
    </p>
   </div>
   <div class='ocr_carea' id='block_1_8' title="bbox 400 3975 2306 4166">
    <p class='ocr_par' dir='ltr' id='par_1_8' title="bbox 400 3975 2306 4166">
     <span class='ocr_line' id='line_1_38' title="bbox 400 3975 2306 4067; baseline -0.002 -22"><span class='ocrx_word' id='word_1_232' title='bbox 400 3981 699 4067; x_wconf 74' lang='lat' dir='ltr'><strong>justitiae</strong></span> <span class='ocrx_word' id='word_1_233' title='bbox 734 3979 1175 4054; x_wconf 80' lang='lat' dir='ltr'><strong>exorbitavit,</strong></span> <span class='ocrx_word' id='word_1_234' title='bbox 1220 3978 1339 4043; x_wconf 87' lang='lat' dir='ltr'><strong>sed</strong></span> <span class='ocrx_word' id='word_1_235' title='bbox 1378 3976 1590 4041; x_wconf 88' lang='lat' dir='ltr'><strong>armis</strong></span> <span class='ocrx_word' id='word_1_236' title='bbox 1625 3975 2024 4058; x_wconf 69' lang='lat' dir='ltr'><strong>assumptis»,</strong></span> <span class='ocrx_word' id='word_1_237' title='bbox 2053 3977 2306 4059; x_wconf 86' lang='lat' dir='ltr'><strong>quibus</strong></span> 
     </span>
     <span class='ocr_line' id='line_1_39' title="bbox 408 4075 2304 4166; baseline -0.004 -19"><span class='ocrx_word' id='word_1_238' title='bbox 408 4079 793 4166; x_wconf 88' lang='lat' dir='ltr'><strong>Apostolus</strong></span> <span class='ocrx_word' id='word_1_239' title='bbox 844 4078 1322 4160; x_wconf 84' lang='lat' dir='ltr'><strong>evangelicum</strong></span> <span class='ocrx_word' id='word_1_240' title='bbox 1366 4076 1710 4142; x_wconf 86' lang='lat' dir='ltr'><strong>hominem</strong></span> <span class='ocrx_word' id='word_1_241' title='bbox 1751 4075 2020 4141; x_wconf 75' lang='lat' dir='ltr'><strong>curiose</strong></span> <span class='ocrx_word' id='word_1_242' title='bbox 2055 4086 2304 4154; x_wconf 87' lang='lat' dir='ltr'><strong>armat,</strong></span> 
     </span>
    </p>
   </div>
   <div class='ocr_carea' id='block_1_9' title="bbox 407 4175 2308 4320">
    <p class='ocr_par' dir='ltr' id='par_1_9' title="bbox 407 4175 2308 4320">
     <span class='ocr_line' id='line_1_40' title="bbox 407 4175 2308 4256; baseline -0.004 -8"><span class='ocrx_word' id='word_1_243' title='bbox 407 4189 479 4248; x_wconf 90' lang='lat' dir='ltr'><strong>et</strong></span> <span class='ocrx_word' id='word_1_244' title='bbox 518 4178 808 4246; x_wconf 75' lang='lat' dir='ltr'><strong>sollicite</strong></span> <span class='ocrx_word' id='word_1_245' title='bbox 852 4177 1145 4254; x_wconf 86' lang='lat' dir='ltr'><strong>instruit,</strong></span> <span class='ocrx_word' id='word_1_246' title='bbox 1189 4177 1474 4242; x_wconf 83' lang='lat' dir='ltr'><strong>viriliter</strong></span> <span class='ocrx_word' id='word_1_247' title='bbox 1522 4195 1598 4241; x_wconf 88' lang='lat' dir='ltr'><strong>se</strong></span> <span class='ocrx_word' id='word_1_248' title='bbox 1641 4183 1888 4241; x_wconf 88' lang='lat' dir='ltr'><strong>contra</strong></span> <span class='ocrx_word' id='word_1_249' title='bbox 1911 4175 2308 4256; x_wconf 66' lang='lat' dir='ltr'><strong>Catholicae</strong></span> 
     </span>
     <span class='ocr_line' id='line_1_41' title="bbox 2005 4275 2096 4320; baseline -0.011 0"><span class='ocrx_word' id='word_1_250' title='bbox 2005 4285 2036 4320; x_wconf 80' lang='lat' dir='ltr'><strong>u</strong></span> <span class='ocrx_word' id='word_1_251' title='bbox 2063 4275 2096 4319; x_wconf 80' lang='lat'><em>2</em></span> 
     </span>
    </p>
   </div>
   <div class='ocr_carea' id='block_1_10' title="bbox 2326 3953 2522 3992">
    <p class='ocr_par' dir='ltr' id='par_1_10' title="bbox 2326 3953 2522 3992">
     <span class='ocr_line' id='line_1_42' title="bbox 2326 3953 2522 3992; baseline 0 0"><span class='ocrx_word' id='word_1_252' title='bbox 2326 3953 2522 3992; x_wconf 81' lang='lat' dir='ltr'><strong>conduct.</strong></span> 
     </span>
    </p>
   </div>
  </div>
 </body>
</html>
