3167 5009
868 417 959 482 9⁰
1506 431 1735 480 css-m
1787 427 2176 489 smmum,

724 608 844 658 sagea
868 608 1089 674 usque
1134 590 1221 654 ad
1274 587 1739 672 impudentem
1797 587 1998 652 famis
2055 587 2352 651 inediam
2411 585 2774 651 castellum

542 609 634 649 The
650 609 723 649 bu

538 659 722 699 reduced
767 669 794 699 ο

538 719 613 758 81⁰

700 711 815 750 κυο-
866 690 1337 755 inhabitantes
1394 689 1769 753 obsidendo
1840 685 2130 768 redegit.
2267 685 2535 751 Verum
2595 705 2768 769 quo-

538 720 701 800 mitio:

870 791 1056 856 niam
1132 789 1583 873 providentiae
1631 789 1789 865 Dei,
1836 787 2284 871 ejusdemque
2347 785 2767 870 judiciorum

866 907 1093 955 caecus
1139 895 1247 954 est
1285 889 1508 953 omnis
1543 885 1774 965 homo,
1815 893 1886 950 et
1920 905 2010 952 ex
2061 893 2211 950 toto
2244 886 2550 968 ignarus,
2582 886 2766 968 quod

865 1009 991 1054 rex
1038 987 1343 1053 virtuose
1398 987 1742 1070 complere
1793 987 2171 1069 proposuit,
2233 984 2428 1050 Deus
2478 987 2552 1050 in
2602 1005 2765 1050 con-

537 1106 839 1158 Εσωροοηιιο
864 1089 1153 1155 trarium
1202 1085 1484 1171 repente
1523 1087 1943 1151 immutavit.
2025 1085 2213 1164 Quia
2245 1085 2410 1149 dum
2453 1082 2598 1150 fixa
2643 1086 2764 1150 ob-

535 1157 757 1206 cumton,

862 1189 1131 1254 sidione
1198 1207 1419 1270 usque
1477 1187 1566 1250 ad
1625 1187 1850 1270 ipsam
1923 1185 2399 1268 captivitatem
2461 1184 2763 1249 comitis-

862 1308 1012 1354 sam
1056 1287 1379 1352 claudere
1422 1286 1834 1364 intenderet,
1881 1284 2060 1350 inter
2106 1291 2212 1348 tot
2271 1283 2530 1361 hosteS,
2587 1284 2766 1349 inter

862 1394 969 1453 tot
1006 1377 1321 1452 nocturni
1354 1386 1613 1450 silentii
1635 1384 2102 1461 excubitoreS,
2122 1403 2296 1466 quos
2338 1404 2465 1448 rex
2495 1404 2585 1447 ex
2616 1403 2760 1447 om-

860 1487 933 1550 ni
991 1486 1259 1552 castelli
1309 1492 1509 1569 parte
1580 1485 1851 1550 curiose
1909 1484 2368 1566 disposuerat,
2436 1483 2762 1548 mirandis

860 1585 984 1650 illa
1028 1586 1249 1650 modis
1288 1585 1509 1649 illaesa
1538 1585 1783 1649 evasit.
1873 1584 2072 1648 Escis
2105 1602 2428 1666 namque,
2461 1591 2532 1648 et
2575 1584 2762 1648 omni

860 1685 1140 1750 vivendi
1185 1684 1461 1762 solatio,
1496 1683 1672 1766 pene
1725 1684 1798 1746 in
1846 1683 2132 1748 castello
2169 1682 2553 1759 exhaustiS‚
2598 1703 2762 1765 rege

860 1804 1137 1869 quoque
1176 1785 1437 1851 viribus
1469 1783 1800 1861 animose,
1830 1791 1902 1848 et
1935 1782 2293 1859 machinis,
2313 1781 2400 1845 ad
2434 1783 2605 1847 illud
2640 1784 2760 1847 ob-

858 1885 1214 1950 tinendum
1287 1883 1694 1960 desudante,
1756 1882 1902 1961 illa,
1975 1880 2347 1966 plurimum
2426 1890 2760 1961 coartata,

859 1985 1275 2067 venturique
1318 2003 1410 2048 ex
1441 1990 1592 2048 toto
1617 1984 1984 2065 desperata
2021 1982 2330 2059 subsidii,
2349 1983 2570 2046 tribus
2600 2002 2760 2065 pru·

859 2083 1087 2148 dentis
1140 2083 1396 2166 ingenii
1450 2101 1527 2146 se
1585 2083 2075 2147 comitantibus
2129 2081 2486 2159 militibus,
2520 2080 2558 2144 e
2611 2101 2761 2146 cas-

861 2182 1027 2248 tello
1058 2189 1267 2247 noctu
1300 2182 1672 2264 egreditur,
1709 2201 1971 2264 perque
2008 2182 2254 2257 nivem,
2300 2188 2370 2245 et
2402 2181 2565 2262 gelu
2603 2181 2762 2267 (nix

858 2283 1112 2347 etenim
1170 2281 1242 2346 in
1288 2282 1475 2346 omni
1536 2279 2122 2345 abundantissime
2165 2279 2350 2344 terra
2393 2281 2763 2346 incandue-

862 2390 991 2458 rat,
1037 2390 1111 2448 et
1159 2381 1321 2464 gelu
1368 2380 1864 2470 horridissime·
1886 2380 2090 2464 aquis
2143 2377 2585 2464 induruerat)
2635 2399 2762 2445 sex

860 2481 1074 2546 ferme
1145 2480 1483 2559 miliariiS,
1531 2500 1690 2546 cum
1753 2500 2047 2557 summo,
2099 2479 2233 2557 sui,
2276 2480 2760 2562 comitumque,

861 2581 1099 2646 labore
1142 2581 1484 2665 pedestris
1527 2581 1835 2657 incessit,
1866 2580 2186 2664 quodque
2233 2579 2578 2645 manifesti
2632 2580 2763 2644 fuit

860 2681 1177 2746 miraculi
1232 2679 1581 2758 indicium,
1618 2699 1744 2763 per
1799 2681 2011 2761 ipsas,
2077 2699 2233 2762 quae
2293 2699 2502 2761 super
2556 2679 2762 2762 regiS‚

858 2799 1279 2861 suorumque
1328 2781 1581 2863 capita,
1622 2778 1786 2843 dum
1825 2777 1914 2842 ad
1953 2779 2304 2844 civitatem
2353 2799 2761 2862 expugnan-

859 2879 1019 2943 dam
1096 2885 1618 2955 transmearent,
1691 2878 2220 2956 inundaverant,
2313 2897 2557 2961 aquas,
2617 2879 2760 2955 illa,

858 2979 1043 3043 sicca
1087 2979 1321 3061 pedeS,
1361 2978 1736 3043 immadida
1779 2977 2059 3042 omnino
2100 2984 2332 3043 vestes
2359 2978 2760 3056 transmisit,

857 3099 1113 3162 perque
1171 3080 1355 3162 regis
1412 3079 1767 3154 excubias,
1824 3079 1943 3161 qui
2001 3078 2226 3142 noctis
2279 3077 2553 3143 silentia
2603 3079 2764 3142 hinc

857 3179 1276 3244 cornicinum
1339 3179 1656 3255 stridore,
1719 3177 1880 3242 inde
1941 3177 2354 3242 ululantium
2411 3178 2482 3241 in
2542 3178 2760 3242 altum

858 3279 1178 3356 clamore,
1225 3277 1482 3361 ubique
1532 3279 1965 3360 rumpebant,
2026 3277 2218 3342 nullo
2282 3276 2560 3341 omnino
2616 3279 2760 3342 suis

857 3386 1089 3463 capto,
1158 3386 1229 3443 et
1286 3396 1425 3442 uno
1488 3375 1762 3440 tantum
1810 3396 1899 3440 ex
1957 3374 2151 3458 regia
2212 3383 2412 3459 parte
2462 3377 2759 3454 consci0‚

858 3478 1409 3559 egressionisque
1480 3475 1667 3540 illius
1735 3476 1884 3539 solo
1946 3477 2320 3558 proditore,
2385 3477 2621 3553 libere,
2679 3485 2760 3541 ut

856 3577 1115 3640 dictum
1184 3585 1313 3653 est,
1376 3574 1414 3638 e
1466 3574 1776 3652 castello,
1831 3582 1901 3640 et
1954 3575 2173 3640 illaese
2239 3576 2547 3653 secessit,
2594 3576 2762 3640 civi-

701 3693 743 3733 m
773 3713 791 3726 ·
857 3682 1210 3758 tatemque
1272 3674 1906 3758 walengefordiam
1961 3695 2119 3740 cum
2181 3675 2476 3759 plurimo
2524 3676 2758 3741 labore

859 3784 1067 3842 noctu
1116 3775 1418 3841 advenit.
1526 3773 1783 3840 Nescio
1831 3783 2064 3841 autem
2109 3783 2340 3839 utrum
2381 3775 2469 3840 ad
2521 3775 2762 3858 gloriae

858 3876 1073 3958 ipsius
1126 3877 1477 3941 cumulum
1528 3875 1600 3938 in
1654 3876 1965 3939 futurum
2014 3875 2460 3952 dilatandum,
2512 3876 2625 3939 vel
2671 3875 2758 3939 ad

858 3977 1053 4058 regni
1110 3975 1647 4058 inquietudinem
1696 3993 1786 4038 ex
1834 3974 1969 4039 Dei
2000 3974 2263 4060 judicio
2319 3973 2593 4038 enixius
2637 3995 2757 4039 ex-

860 4076 1345 4157 aggerandam,
1425 4075 1547 4140 sed
1611 4094 1964 4157 nunquam
2047 4076 2254 4140 aliam
2325 4075 2410 4138 de
2475 4082 2579 4139 tot
2651 4076 2759 4138 sui

857 4176 1102 4258 capitis
1150 4176 1482 4253 hostibus,
1530 4175 1615 4239 de
1660 4175 1872 4240 tantis
1911 4175 2362 4243 eminentibus
2407 4175 2539 4238 sibi
2583 4175 2760 4256 peri-
