3167 5009
969 486 1182 537 uncis
1239 485 1667 533 ANenoRUM.
2186 464 2273 557 41

354 644 574 730 juniis
625 662 1000 719 macerare,
1031 649 1154 707 aut
1181 642 1534 725 suppliciis
1579 636 1873 705 addictis
1911 638 2133 722 usque
2184 642 2273 705 ad

363 745 816 809 novissimum
847 742 1299 826 quadrantem
1330 741 1656 825 quicquid
1704 740 2156 824 possederant
2185 744 2275 806 ab

364 846 465 909 eis
529 847 837 927 exigere.
966 842 1110 909 Alii
1166 849 1439 926 tecnam
1497 840 1977 923 excogitantes
2034 860 2274 906 versu-⁶

364 945 635 1023 florem,
692 944 812 1009 ubi
872 941 1131 1025 Anglia
1204 942 1520 1025 quietior,
1577 960 1717 1023 pax
1796 939 2276 1021 abundantior,

365 1044 664 1127 populus
721 1044 864 1109 otio
917 1050 988 1107 et
1038 1044 1394 1106 securitati
1447 1040 1795 1119 acclivior,
1837 1042 1910 1104 in
1961 1040 2073 1104 die
2122 1061 2277 1123 per-

367 1145 628 1224 tritam,
675 1151 746 1208 et
791 1142 1202 1226 populosam
1249 1142 1434 1207 viam
1479 1160 1664 1205 nunc
1697 1140 1855 1218 huc,
1886 1160 2069 1204 nunc
2112 1141 2277 1207 illuc

367 1244 724 1323 itinerare3
755 1262 1006 1307 nomen
1033 1261 1258 1318 suum,
1285 1258 1642 1323 personas,
1666 1248 1737 1305 et
1766 1238 2063 1304 officium
2092 1260 2278 1305 men-

368 1344 516 1422 tiri;
549 1363 689 1407 non
718 1362 934 1420 arma,
965 1361 1104 1406 non
1131 1341 1504 1405 notabilem
1534 1340 1871 1417 habitum,
1902 1359 2040 1403 non
2066 1340 2281 1424 impia

369 1442 790 1526 modumque
849 1440 1258 1506 excedentia
1315 1442 1529 1505 verba
1606 1459 1795 1503 more
1874 1439 2279 1522 praedonum

371 1543 720 1625 proferre;
777 1541 898 1605 sed
934 1541 1259 1605 humilem
1292 1541 1582 1617 vultum,
1614 1539 2027 1604 mediocrem
2055 1541 2278 1606 inces-

371 1662 546 1719 sum,
581 1643 792 1718 lenes,
817 1641 1140 1724 omnique
1168 1639 1693 1704 mansuetudine
1724 1640 2109 1722 permulsos
2136 1660 2279 1705 ser-

373 1761 612 1807 mones
659 1741 1110 1825 praetendere,
1169 1739 1403 1822 sicque
1461 1759 1537 1804 se
1610 1739 1806 1803 falsis
1878 1741 2282 1805 commentis

374 1861 574 1907 novae
605 1840 968 1907 fucationis
1008 1840 1404 1924 hypocritas
1448 1838 1759 1916 reddere,
1791 1838 2021 1922 quoad
2060 1858 2281 1922 usque

377 1943 464 2005 de
523 1961 648 2025 spe
705 1939 834 2005 sua
891 1940 1168 2005 minime
1228 1940 1564 2016 frustrati,
1624 1939 1745 2004 vel·
1796 1940 2079 2004 divitem
2150 1940 2284 2005 sibi

375 2041 554 2107 forte
584 2048 1078 2119 occurrentem,
1107 2041 1233 2105 vel.
1264 2037 1492 2105 ubivis
1535 2039 1843 2103 locorum
1886 2039 2124 2103 furtim
2160 2042 2281 2105 ab·

377 2140 620 2220 latum,
661 2141 749 2205 ad
780 2140 994 2208 totius
1019 2139 1293 2222 Angliae
1320 2158 1713 2217 novercam,
1745 2140 2115 2218 Bristoam,
2162 2141 2286 2204 ad-

377 2240 730 2306 ducerent.
840 2240 982 2305 Hic
1013 2248 1244 2305 autem
1289 2240 1616 2305 coloratae
1661 2239 2085 2323 deceptionis
2136 2260 2283 2305 mo·—
2310 2270 2549 2311 namma

378 2341 531 2420 dus,
563 2341 694 2406 hoc
722 2340 1166 2425 hypocriticae
1217 2340 1675 2404 simulationis
1704 2340 2132 2421 figmentum,
2160 2348 2287 2423 per
2308 2322 2393 2411 232²
2410 2323 2594 2411 3ἶὲῗὲ

380 2459 618 2507 omnes
673 2440 817 2505 fere
872 2440 1150 2522 Angliae
1202 2440 1374 2504 fines
1429 2438 1605 2503 adeo
1661 2439 1970 2515 inolevit,
2026 2447 2107 2505 ut
2164 2441 2287 2505 vix
2312 2422 2521 2471 ⁸⁸⁸¹”nd'

379 2548 566 2606 esset
609 2542 880 2619 civitas»,
909 2540 1022 2605 vel
1061 2540 1353 2618 viculus,
1396 2540 1515 2604 ubi
1566 2538 2049 2603 fraudulentiae
2080 2539 2288 2624 hujus

379 2641 780 2707 molimenta
827 2661 968 2706 non
1019 2646 1443 2717 exercerent,
1482 2640 1604 2703 ubi
1648 2639 2026 2722 turpissimi
2081 2639 2289 2723 hujus

379 2740 722 2807 latrocinii
760 2740 1060 2822 vestigia
1116 2760 1256 2805 non
1312 2739 1798 2821 relinquerent.
1915 2738 2119 2803 Unde
2162 2760 2289 2805 nec

381 2842 593 2923 regiae
637 2842 828 2924 pacis
859 2842 1008 2906 vias
1052 2839 1291 2904 secure
1337 2846 1416 2903 ut
1450 2839 1767 2903 solebant
1793 2838 2132 2917 incedere,
2162 2860 2289 2905 nec

382 2942 587 3006 homo
633 2959 708 3005 se
738 2940 996 3005 homini
1048 2940 1338 3004 fidenter
1390 2945 1470 3003 ut
1519 2940 1788 3004 solebat
1832 2939 2285 3022 concredere3

384 3042 506 3105 sed
550 3042 964 3123 ubicumque
1017 3039 1193 3109 alter
1243 3040 1537 3104 alterum
1594 3039 1667 3107 in
1716 3038 1959 3104 itinere
2018 3042 2287 3123 conspi-

384 3143 696 3219 cabatur,
754 3147 944 3205 totus
1001 3141 1316 3223 protinus
1395 3138 1941 3217 contremiscere,
2001 3141 2288 3205 meticu-

383 3240 530 3307 lose
561 3241 788 3307 visum
835 3240 1159 3321 effugere,
1191 3240 1303 3303 vel
1346 3257 1562 3321 prope
1617 3238 1690 3300 in
1736 3237 2005 3317 silvam,
2048 3239 2159 3301 vel
2217 3240 2287 3302 in

382 3340 754 3405 divortium
829 3339 1131 3422 aliquod,
1183 3356 1575 3421 usquequo,
1624 3344 1979 3419 resumpto
2010 3336 2290 3402 tandem

385 3442 657 3524 spiritu,
678 3440 860 3505 viam
889 3446 1191 3522 coeptam
1220 3440 1438 3503 tutior
1473 3444 1809 3519 carperet,
1842 3443 1913 3501 et
1942 3431 2289 3502 audacior.

488 3540 630 3604 Ubi
677 3540 892 3620 igitur
919 3539 1108 3603 fama
1157 3539 1438 3602 auribus
1485 3537 1671 3618 regis
1726 3537 2053 3613 insonuit,
2099 3538 2289 3601 Bris-
2316 3564 2407 3605 rue
2424 3566 2540 3615 κίῃς

2314 3616 2508 3655 marche·
2534 3622 2579 3655 to

384 3646 660 3703 toenses
707 3646 778 3701 et
835 3638 1111 3721 publico
1163 3645 1391 3719 raptu,
1423 3644 1493 3699 et
1536 3636 1979 3700 clandestinis
2023 3644 2103 3699 ut
2147 3637 2291 3705 dic*
2316 3666 2442 3713 nath,
2468 3677 2515 3705 aa

383 3745 531 3802 tum
579 3746 684 3802 est
710 3738 912 3801 furtis
954 3745 1208 3801 terram
1252 3733 1594 3812 turbasse,
1624 3735 1786 3798 licet
1813 3736 1884 3798 in
1914 3735 2066 3798 aliis
2094 3738 2293 3817 regni
2314 3716 2619 3806 {goffiwom

385 3838 694 3919 negociis
723 3836 1169 3921 persistendis
1199 3835 1500 3918 undique
1530 3835 1946 3917 pulsaretur,
1978 3854 2067 3897 ex
2106 3838 2291 3903 omni
2316 3816 2489 3856 ¹³¹¹⁸²⁰¹'

390 3935 647 4019 Anglia
693 3936 938 4001 militia
983 3934 1387 4011 convocata,
1419 3933 1619 4017 quasi
1649 3934 2001 3998 Bristoam
2036 3936 2289 4009 ‚obses-⁵

377 4056 590 4100 surus
633 4036 1005 4119 improvise
1036 4037 1320 4100 Battam
1363 4033 1667 4099 advenit.
1773 4020 2159 4117 Episcopus
2202 4035 2290 4099 de

387 4135 691 4201 adventu
742 4137 928 4200 illius
971 4136 1444 4220 praemonituS,
1474 4134 1661 4197 foras
1700 4134 2047 4199 civitatem
2079 4133 2289 4198 adve-

385 4236 599 4301 nienti
646 4238 968 4303 occurrit.
1075 4236 1388 4318 Cumque
1433 4254 1558 4297 rex
1589 4234 1810 4316 primo
1851 4232 2176 4315 loquendi
2220 4232 2291 4297 in
